1396 2436
91 99 141 138 26
384 97 438 136 M.
472 94 672 135 TULLII
697 92 992 134 CICERONIS

0 193 55 259 γ’(
92 207 177 242 tum
202 203 459 255 possessiones
487 203 608 259 daffis,
637 199 733 251 quid
762 202 914 250 ereptas
941 196 1162 249 pfflseram?
1216 174 1396 255 Go-VQ]

91 269 206 320 gebat
225 273 375 319 egestas
390 281 400 316 ;
429 281 507 319 quo
526 280 567 305 se
585 267 769 312 verteret,
790 277 871 302 non
888 264 1059 302 habebat
1076 275 1084 301 :
1113 260 1289 300 nondum

92 334 127 371 ei
155 337 267 371 tanta
302 347 326 371 a
355 332 402 371 L.
436 331 602 379 Rubrio,
637 343 718 367 non
748 342 774 367 a
801 328 846 367 L.
881 328 1058 366 Turselio
1094 326 1288 364 hereditas

83 403 274 450 'venerat3
305 398 481 436 nondum
505 397 548 435 in
567 395 731 446 Pompei
755 394 884 432 locum
908 394 1202 443 multorumque
1220 389 1290 428 ali-

68 445 214 511 Q‘rum,
235 463 305 514 qui
323 463 497 509 aberant,
518 461 747 520 repen-tinus
765 459 876 496 heres
902 459 1148 496 successerat.
1193 454 1316 496 Erats

94 529 130 566 ei
148 528 362 566 vivendum
381 527 581 565 latronum
607 525 701 573 ritu,
722 527 770 562 ut
791 527 948 562 tantum
976 523 1149 570 haberet,
1169 534 1289 572 quan-

94 598 180 632 tum
198 607 334 645 rapere
353 593 555 644 potuisset.
821 586 825 591 ”

0 670 26 691 «ι’
35 639 151 715 ‘⁸⁴:52⁴
174 658 252 697 Sed
276 659 383 705 haec,
404 671 505 708 quae
531 655 1036 710 rontjofisinprobitatis
1053 659 1158 703 sunt,
1178 655 1291 694 omit-

95 729 244 763 tamus:
274 724 482 774 loquamur
514 721 646 773 potius
678 721 726 759 de
758 721 994 771 nequissimo
1024 733 1166 772 genere
1197 692 1396 773 Legi-“da

135 791 196 828 tis.
256 790 316 828 63.
347 789 408 827 Tu
434 789 520 826 istis
545 787 730 835 faucibus,
752 786 838 824 istis
857 786 1054 834 lateribus,
1075 786 1153 824 ista
1170 784 1290 835 gladi·
1303 793 1333 821 ιο

117 855 218 893 toria
235 854 360 892 totius
382 853 553 903 corporis
571 839 758 889 firmitate
780 854 937 888 tantum
956 850 1041 888 vini
1058 850 1100 888 in
1119 850 1291 900 Hippiae

72 938 73 941 ¹
125 921 246 972 uptiis
273 920 517 967 exhauseraS,
542 922 587 957 ut
606 918 680 956 tibi
699 930 852 956 necesse
871 921 971 955 esset
990 917 1033 954 in
1054 916 1190 967 populi
1213 915 1291 954 Ro-

97 986 204 1023 mani
223 988 434 1036 conspectu
453 996 609 1022 vomere
637 982 835 1034 postridie.
895 981 929 1018 O
959 994 1042 1019 rem
1069 993 1150 1018 non
1177 981 1292 1026 modo

121 1053 182 1090 isu
210 1052 372 1097 foedam,
396 1050 464 1088 sed
491 1050 615 1088 etiam
646 1048 807 1086 auditu!
865 1046 908 1085 Si
945 1047 1049 1084 inter
1078 1059 1215 1084 cenam
1246 1047 1289 1083 in

0 1119 70 1158 ,ό
111 1119 189 1170 psis
213 1118 294 1156 tuis
323 1115 561 1171 ianibus
586 1114 665 1152 illis
697 1112 845 1164 poculis
874 1112 946 1150 hoc
978 1112 1053 1149 tibi
1080 1112 1289 1159 accidisset,
1304 1120 1334 1148 15

0 1167 88 1220 ,πμ
123 1183 183 1220 uis
208 1194 287 1219 non
307 1184 424 1231 turpe
443 1170 629 1218 duceret?
657 1179 701 1216 in
720 1182 832 1225 efflatu
851 1190 943 1215 vero
962 1177 1098 1228 populi
1110 1176 1289 1225 Romani,

124 1247 296 1297 egotium
339 1245 543 1296 publicum
589 1257 736 1295 gerens,
775 1243 961 1293 magister
1002 1243 1191 1294 equitum,
1229 1244 1293 1281 cui

0 1310 44 1353 ek
110 1315 250 1370 ψη
269 1315 384 1361 turpe
405 1314 514 1357 esset,
540 1310 574 1347 is
593 1322 752 1347 vomens
771 1309 907 1346 frustis
931 1308 1137 1347 esculentis
1155 1308 1292 1346 vinum

117 1376 363 1415 edolentibus
380 1375 573 1426 gremium
600 1387 714 1412 suum
741 1378 782 1412 et
807 1377 936 1411 totum
961 1373 1137 1412 tribunal
1158 1375 1293 1425 imple-

126 1442 165 1479 't.
216 1440 292 1478 Sed
311 1441 405 1478 haec
430 1441 513 1490 ipse
533 1440 680 1477 fatetur
699 1451 779 1477 esse
798 1439 841 1476 in
860 1439 939 1476 suis
957 1439 1134 1477 sordibus
1151 1453 1159 1477 :
1187 1440 1291 1477 veni-
1303 1450 1336 1476 ω

120 1519 207 1544 mus
225 1507 274 1544 ad
295 1505 568 1556 splendidiora.

0 1563 139 1580 μ’-
178 1571 344 1610 XXVI.
403 1571 462 1608 64.
495 1570 636 1608 Caesar
655 1570 909 1608 Alexandrea
936 1583 976 1608 se
1001 1571 1158 1621 recepit,
1186 1570 1292 1619 felix,

0 1595 72 1673 νζ
98 1643 145 1677 ut
171 1639 245 1676 sibi
271 1637 430 1688 quidem
462 1637 679 1682 videbatur,
713 1649 800 1673 mea
829 1640 962 1672 autem
989 1636 1195 1683 sententia,
1225 1637 1295 1688 qui

98 1705 156 1743 rei
174 1703 352 1756 publicae
371 1703 424 1740 sit
451 1702 584 1748 hostis,
605 1701 700 1738 felix
727 1714 808 1738 esse
826 1714 940 1738 nemo
968 1705 1106 1750 potest.
1166 1701 1295 1739 Hasta
1369 1691 1371 1693 ¹

99 1772 227 1823 posita
263 1783 334 1820 pro
374 1769 469 1806 aede
507 1768 615 1805 Iovis
652 1768 820 1805 Statoris
863 1768 964 1823 b—o—na
1000 1768 1174 1806 subiecta
1221 1749 1396 1828 CnstAEJ'M

100 1835 502 1886 Pompei—miserum
549 1835 635 1871 me!
691 1833 930 1882 consumptis
976 1832 1081 1869 enim
1125 1832 1294 1871 lacrimis

99 1906 230 1940 tamen
250 1901 396 1937 infixus
407 1899 542 1936 haeret
560 1899 690 1935 animo
709 1897 882 1943 dolor—‚
897 1897 1006 1943 bona,
1029 1897 1200 1947 inquam,
1222 1897 1291 1936 Cn.
1344 1930 1378 1952 s

101 1968 261 2018 Pompei
291 1965 428 2015 Magni
460 1965 545 2001 voci
582 1963 848 2000 acerbissimae
875 1962 1050 1999 subiecta
1081 1974 1107 2012 p
1153 1963 1290 2000 econis.
1305 1928 1396 1992 ⁶²⁴}

71 2019 195 2093 [Una
222 2034 264 2071 in
291 2033 359 2070 illa
391 2019 445 2081 re)
456 2030 659 2068 servitutis
684 2029 806 2065 oblita
833 2028 972 2065 civitas
1001 2027 1193 2077 ingemuit
1217 2040 1293 2065 ser-

103 2099 373 2147 vientibusque
410 2095 563 2140 animis,
609 2106 698 2131 cum
731 2092 862 2129 omnia
905 2095 1012 2128 metu
1054 2096 1337 2139 tenerentur,w

101 2163 268 2213 gemitus
288 2167 420 2198 tamen
439 2159 574 2210 populi
596 2158 765 2194 Romani
784 2157 885 2194 liber
908 2157 996 2193 suit.
1056 2157 1293 2206 Exspectan-

105 2230 192 2265 ibus
219 2226 401 2264 omnibus
421 2225 600 2274 quisnam
628 2226 728 2258 esset
748 2226 827 2258 tam
849 2221 990 2270 inpius,
1013 2226 1093 2257 tam
1120 2221 1290 2266 demens,
