1396 2436
154 89 204 125 64
391 97 459 130 AT.
507 98 743 131 AGCUSANT
767 99 890 140 QUOD
913 102 1112 136 NEGENT.
1233 110 1254 140 Β
1266 111 1288 139 4
1303 106 1324 139 6
1338 109 1357 136 7

154 180 200 217 (11.
219 180 252 218 ἐξ
268 188 318 219 23,
337 188 406 216 102,
424 187 482 220 107
497 190 506 218 ς
527 180 567 211 of.
586 180 733 221 Madvig,
747 182 764 221 ἓ
779 181 842 221 480
851 180 894 221 b).
922 181 1014 214 Here
1029 182 1085 214 the
1100 182 1357 217 demonstrative

153 221 215 253 illa
229 232 296 253 was
310 222 460 263 required
476 223 586 254 before
601 223 750 264 querella.
790 224 845 265 [ef.
861 225 878 263 ἓ
890 233 940 267 39.
955 225 977 258 l.
993 226 1043 268 9.]

215 275 236 307 l.
256 284 307 316 25.
353 276 515 318 reliquias,
540 277 597 309 the
616 278 726 319 public
745 281 901 310 treanure.
948 281 982 319 ἐς
999 289 1048 320 34,
1066 289 1118 322 93.
1166 280 1251 312 Intr.
1269 282 1284 319 ἓ
1301 291 1353 320 4ο.

152 320 200 351 Cf.
216 328 237 351 1.
257 322 273 359 ἓ
293 328 348 360 17:
365 319 511 352 Pecunia
522 320 650 352 utinam
661 321 706 352 ad
723 321 800 362 Opis
810 326 974 355 maneret!
997 327 1129 355 cruenta
1139 322 1203 355 itta
1216 323 1352 365 quidem,

151 362 205 395 sed
226 362 277 395 his
299 362 496 404 temporibus,
521 363 674 404 quoniam
694 364 744 403 iis,
767 375 900 405 quorum
917 370 969 404 est,
994 376 1059 398 non
1079 365 1240 406 redditum,
1255 377 1353 400 necee-

151 405 248 438 samia.
298 406 498 448 Quamquam
512 418 550 439 ea
564 418 682 449 quoque
695 407 740 440 cit
753 408 860 449 effusa,
877 407 906 441 si
921 408 970 441 ita
983 408 1021 441 in
1036 409 1116 442 actis
1123 409 1206 451 suit.

215 461 237 494 l.
258 460 308 493 26.
354 460 442 493 domi
458 467 540 493 tuae.
588 464 621 502 ἐξ
636 473 687 505 92,
705 472 756 505 95.

215 517 237 548 l.
256 517 306 548 28.
354 516 394 548 de
409 521 445 554 te,
462 517 593 558 against
607 517 664 549 the
679 517 860 559 provisions
875 518 911 550 of
930 518 987 550 the
1001 518 1056 550 lex
1078 518 1206 551 Licinia
1226 521 1262 550 et
1283 518 1351 552 Ae-

153 560 246 592 butia
261 559 313 601 (de
326 559 390 602 leg.
408 571 475 601 agr.
494 569 528 591 11.
549 563 565 600 §
581 560 652 598 21):
688 564 784 602 ‘quae
806 571 871 593 nm»
891 562 984 593 modo
1006 572 1084 601 eum,
1102 561 1159 603 qui
1181 562 1292 594 tulerit
1313 562 1353 595 tle

152 603 265 644 aliqua
288 603 453 635 curatione
482 613 520 635 ac
540 608 703 644 potestate,
730 604 785 636 sed
809 604 907 636 etiam
933 605 1066 645 colleyas
1090 605 1165 644 eius,
1193 610 1348 647 cognatos,

151 646 270 687 adfivws
285 646 409 687 excipit,
427 657 465 678 ne
479 646 522 678 eis
538 657 574 679 ea
584 652 724 688 potestas
739 648 898 680 curatiove
911 648 1104 680 mandetur!
1149 648 1202 680 On
1215 660 1237 681 a
1250 649 1349 681 viola-

151 690 222 722 tion
236 691 270 722 of
284 690 350 722 this
364 691 427 722 law
443 701 495 722 see
511 691 596 722 Intr.
613 702 644 723 n.
668 691 738 734 169.
784 702 806 723 a
820 695 856 730 te,
872 691 924 724 i.e.
943 696 1002 723 not
1017 702 1053 723 ex
1067 691 1147 724 actis
1164 691 1319 725 Gaesao-is.

215 746 362 787 auspicia
376 757 490 787 auywr,
508 750 544 778 at
558 747 615 779 the
630 747 762 789 passing
777 748 811 779 of
830 748 887 780 the
908 749 961 780 lex
983 748 1112 789 agraria
1133 748 1199 780 and
1221 748 1257 780 of
1276 748 1351 780 that

151 801 194 822 on
208 790 265 822 the
280 790 433 822 duration
448 790 483 822 of
496 790 676 832 provincial
690 795 920 832 governments
937 791 1033 832 (Intr.
1051 793 1067 830 ἓ
1083 801 1100 832 5
1105 790 1145 832 3).
1185 791 1248 823 See
1261 791 1346 823 Phil.

151 841 183 865 v.
201 845 227 866 c.
248 843 283 874 3:
304 834 409 872 Quam
423 834 520 874 leyem
533 833 637 874 iffl‘tur
650 844 681 866 se
695 845 802 875 aaywr
815 835 897 866 dicit
913 835 1020 866 tulisse
1035 845 1099 866 non
1113 834 1205 866 modo
1222 838 1351 866 tonante

152 877 232 915 Iove,
249 877 303 909 sed
321 887 422 918 prope
444 877 568 909 caelesti
591 878 726 909 clamore
740 878 930 918 prohibente,
948 878 1033 910 hanc
1054 877 1216 910 dubitabit
1237 882 1351 910 contra

150 920 298 962 auspicia
312 921 414 952 latam
429 920 594 961 confiteri?
633 921 745 960 Quid?
767 921 851 962 quod
871 932 942 953 cum
963 932 997 953 eo
1020 922 1139 962 colleya
1154 921 1239 960 tulit,
1259 932 1351 963 quem

150 965 216 1005 ipse
238 964 322 1005 fecit
349 974 410 996 sua
437 964 641 996 nuntiatione
669 964 826 1002 vitiosum,
857 965 983 996 nihilne
1006 964 1051 996 ad
1080 964 1228 1005 auspicia
1253 964 1350 996 bonu·

151 1018 257 1048 auyur
272 1007 431 1049 pertinere
451 1007 628 1040 arbitratus
650 1010 717 1040 est?
747 1007 811 1050 [Of.
827 1008 901 1040 infr.
920 1010 936 1048 ἓ
953 1009 994 1040 80
1009 1018 1076 1049 seq.
1095 1008 1161 1040 cic.
1178 1019 1231 1049 ap.
1249 1008 1345 1040 Dion.

150 1059 228 1083 XLV.
247 1058 286 1091 27
310 1051 352 1083 ad
367 1050 442 1093 fin.]
969 1076 972 1080 .

213 1107 233 1139 l.
255 1117 304 1149 29.
351 1105 607 1138 intercessionem.
632 1106 711 1138 ibid.
729 1109 744 1145 ξ
759 1117 799 1148 9:
823 1106 870 1138 sic
888 1117 959 1138 vero
974 1110 1066 1138 erant
1081 1105 1236 1147 disposita
1254 1116 1347 1147 prae-

148 1150 244 1189 cidia,
262 1154 307 1188 ut,
325 1161 386 1191 quo
405 1150 498 1182 modo
517 1149 656 1182 hostium
676 1149 786 1181 aditus
805 1150 880 1181 wrbe
895 1149 1116 1190 prohibmttwr,
1141 1149 1191 1182 ita
1212 1149 1350 1182 castellis

149 1198 179 1226 et
201 1193 346 1234 operibus
375 1193 416 1224 ab
444 1193 636 1234 inpressione
658 1193 732 1234 fori
752 1194 908 1234 populum
940 1193 1194 1234 tribunosque
1218 1193 1350 1234 plebis

146 1237 335 1278 propulsari
364 1236 490 1269 videres.
539 1237 590 1268 As
620 1237 732 1268 consul
761 1237 841 1268 Ant.
875 1247 941 1268 was
970 1236 1144 1278 especially
1171 1237 1281 1269 bound
1314 1242 1349 1270 to

150 1281 272 1322 uphold
287 1281 332 1313 all
346 1280 594 1312 constitutione]
609 1291 744 1322 powers.

212 1335 234 1366 l.
254 1345 304 1375 31.
350 1334 509 1376 inpudica
536 1345 573 1366 so
603 1334 672 1366 cod.
699 1334 778 1366 Vat.
804 1334 869 1366 and
899 1334 985 1366 Non.
1013 1334 1092 1374 [and
1121 1334 1274 1376 Madvig]
1298 1335 1349 1368 ior

171 1378 276 1410 udica.

146 1389 170 1419 P
213 1424 274 1462 §7.
300 1422 322 1453 1.
342 1431 391 1462 32.
438 1421 487 1452 Μ.
513 1421 635 1459 Crasso,
661 1421 733 1452 who
757 1421 815 1452 fell
839 1420 875 1452 in
899 1420 1004 1452 battle
1029 1420 1159 1462 against
1183 1420 1241 1452 the
1266 1421 1346 1453 Par-

149 1465 258 1497 thians
284 1473 314 1496 Β.
328 1473 356 1496 ο.
377 1472 441 1505 53;
470 1464 550 1496 with
575 1465 644 1495 him
670 1465 791 1501 Cicero,
819 1467 855 1495 at
880 1464 937 1495 the
965 1464 1046 1495 time
1075 1463 1171 1495 when
1198 1464 1240 1496 he
1270 1465 1346 1506 paid

148 1512 241 1540 court
267 1512 301 1540 to
324 1507 509 1549 Pompeius,
539 1507 628 1539 lived
657 1518 701 1539 on
731 1507 917 1549 unfriendly
945 1510 1053 1539 tei-ms.
1101 1506 1250 1547 [Crassus
1282 1519 1346 1540 was

148 1552 289 1594 charged
321 1551 401 1583 with
431 1551 617 1592 complicity
648 1551 684 1582 in
716 1550 882 1582 Oatiline's
914 1550 991 1591 plot,
1029 1550 1095 1581 and
1125 1550 1161 1582 in
1196 1550 1346 1583 Sallust'fl

147 1596 282 1637 hearing
297 1595 405 1637 (Catil.
422 1595 473 1634 48.
489 1597 504 1634 ἓ
520 1594 552 1637 9)
567 1594 748 1626 attributed
763 1594 820 1626 the
835 1594 956 1625 affront
971 1596 1006 1625 to
1021 1593 1159 1634 Cicera]

212 1651 249 1682 P.
269 1662 297 1690 4.
322 1651 344 1682 1.
363 1660 392 1682 2.
432 1660 495 1681 uno
512 1674 519 1681 .
531 1674 539 1681 .
554 1673 563 1682 .
581 1648 712 1692 nequies.
756 1649 885 1690 Zumpt,
903 1650 920 1688 ἓ
936 1647 1010 1691 691.
1035 1647 1122 1688 [infr.
1141 1659 1168 1679 e.
1182 1658 1233 1689 34.
1258 1650 1340 1689 584.

148 1694 295 1736 Madvig,
313 1696 329 1734 ἓ
346 1703 417 1734 310.
435 1704 466 1724 n.
487 1694 533 1734 2.]
875 1732 879 1734 .
1320 1706 1322 1709 ·

213 1738 247 1778 [l.
265 1749 296 1778 4.
335 1736 507 1777 intelleyat.
554 1735 684 1768 Ritschl
706 1736 832 1776 Proleg.
858 1746 888 1776 p.
906 1742 1010 1766 xovn.
1059 1734 1148 1766 ‘Nec
1163 1735 1344 1777 antiquitas

147 1782 202 1814 vel
222 1780 434 1822 aequipasrwre
456 1780 508 1811 vel
531 1779 705 1820 intelliyere
725 1782 759 1811 et
781 1778 936 1820 neyliyere
956 1778 1078 1810 formas
1100 1778 1203 1818 novit,
1228 1779 1282 1811 sed
1308 1779 1343 1811 in

147 1825 197 1857 his
219 1835 235 1857 e
256 1825 401 1857 vocalem
422 1823 574 1865 probavit
597 1821 739 1864 solam.']

211 1880 238 1900 c.
256 1876 303 1900 Ν.
325 1868 347 1899 1.
366 1866 396 1899 6.
443 1867 490 1899 At
512 1866 619 1898 etiwm.
665 1866 717 1898 On
741 1865 798 1898 the
821 1864 986 1907 emphatic
1012 1868 1048 1896 at
1075 1864 1110 1896 in
1139 1865 1339 1903 transitions,

147 1912 188 1944 ef.
213 1913 247 1952 ἐξ
273 1921 322 1950 2ο,
348 1921 399 1950 43,
425 1918 473 1950 77,
499 1909 549 1948 86,
568 1910 618 1950 87,
635 1916 686 1952 97,
709 1919 776 1949 ¹04·
810 1908 944 1940 litteras.
972 1908 1052 1940 This
1071 1909 1170 1940 letter
1183 1908 1211 1940 is
1226 1911 1342 1940 extant

148 1956 227 1988 with
242 1955 316 1987 that
331 1955 365 1986 of
378 1955 461 1985 Aut.
479 1954 521 1985 ad
535 1954 608 1985 Att.
629 1960 698 1984 XIV.
721 1962 767 1993 13.
787 1952 821 1983 A
836 1952 901 1983 aud
916 1951 954 1983 B.

210 2011 248 2044 P.
265 2023 296 2052 4.
311 2009 336 2041 1.
353 2009 384 2042 6.
429 2009 562 2041 diceret.
607 2007 742 2047 Zumpt,
762 2009 780 2046 §
802 2015 874 2048 551.
921 2006 963 2037 cf.
986 2005 1063 2038 infr.
1087 2005 1182 2045 §602
1205 2006 1330 2046 quod...

148 2055 379 2088 meminissent.
407 2051 568 2094 [Madvig‚
577 2053 594 2090 ἕ
602 2059 660 2092 357
669 2060 700 2082 a.
711 2054 790 2082 note
802 2060 832 2082 2.
855 2049 951 2081 With
962 2049 1020 2080 the
1028 2059 1122 2082 same
1130 2048 1334 2089 negligence,

151 2100 229 2131 with
245 2098 350 2131 which
364 2108 413 2129 we
429 2108 496 2139 say,
525 2096 583 2128 ‘he
597 2099 685 2127 went
699 2106 801 2137 away,
821 2096 959 2127 because
975 2094 1017 2126 he
1036 2094 1107 2126 said
1123 2093 1153 2126 it
1171 2105 1238 2126 was
1251 2084 1341 2132 late‚’

148 2143 206 2175 the
228 2143 375 2174 Romans
397 2140 477 2178 said,
502 2150 564 2182 ας.
588 2139 664 2181 (Cic.
691 2139 734 2171 ad
757 2139 835 2170 fam.
852 2146 911 2170 vn.
934 2135 982 2170 16.
1001 2139 1018 2177 ξ
1035 2137 1083 2178 3);
1110 2136 1174 2176 Qui
1194 2147 1211 2170 e
1230 2137 1342 2170 Gallia

149 2185 288 2223 veniunt,
303 2183 484 2226 superbiam
500 2187 588 2215 tuam
603 2186 762 2220 accusant,
782 2181 866 2223 quod
886 2184 1004 2221 neyent,
1019 2184 1046 2212 te
1057 2180 1341 2220 percunctantibus

151 2227 504 2272 respmutereffquod,
536 2229 573 2258 ut
602 2225 725 2264 dicunt,
755 2235 823 2256 non
846 2223 1063 2267 respondeas)
1086 2223 1126 2254 de
1149 2224 1203 2255 fin.
1223 2231 1246 2255 1.
1269 2225 1337 2263 §4z
