1396 2436
111 90 164 128 44
408 89 464 127 M.
498 88 700 126 TULLII
725 87 1020 128 CICERONIS

109 195 200 239 tem,
218 191 369 229 Sullam
387 195 522 242 postea
540 191 818 238 dominantem,
833 191 947 229 modo
967 195 1197 243 regnantem
1217 191 1310 230 Cae-

108 268 234 294 sarem
252 256 488 294 videramus.
547 256 673 293 Erant
684 256 844 294 fortasse
862 256 993 307 gladii,
1008 258 1076 295 sed
1093 257 1311 296 absconditi

109 334 179 359 nec
203 321 261 359 ita
279 321 407 360 multi.
467 321 553 359 Ista
573 335 664 359 vero
685 334 786 371 quae
800 325 841 360 et
855 326 1004 372 quanta
1022 323 1204 361 barbaria.
1224 325 1309 362 est!

109 386 282 438 Agmine
313 387 504 438 quadrato
535 399 626 424 cum
657 387 798 437 gladiis
829 391 1069 437 sequuntur:
1107 391 1310 426 scutorum

109 451 263 490 lecticas
305 453 454 503 portari
490 452 684 491 videmus.
750 453 887 504 Atque
927 453 989 492 his
1030 454 1190 504 quidem
1230 453 1335 499 iam5

109 516 347 565 inveteratis,
362 521 494 567 patres
508 517 727 568 conscripti,
745 520 1026 558 consuetudine
1040 519 1304 557 obduruimus.

111 581 304 620 Kalendis
326 582 456 620 Iuniis
478 595 566 620 cum
589 583 632 620 in
653 586 843 631 senatum,
865 588 912 622 ut
930 589 1016 622 erat
1034 583 1305 631 constitutum,

111 648 243 686 venire
271 649 470 696 vellemus,
502 653 612 686 metu
641 650 843 699 perterriti
875 654 1036 701 repente
1069 649 1304 700 diffugimus.

114 713 199 751 109.
230 715 292 751 At
309 715 394 762 iste,
416 715 485 765 qui
504 719 643 753 senatu
660 729 739 754 non
762 720 903 766 egeret,
923 729 1050 766 neque
1071 715 1309 753 desideravit

110 792 355 832 quemquam,
390 781 457 819 sed
494 781 625 830 potius
660 781 828 819 discessu
863 785 997 818 nostro
1036 780 1205 817 laetatus
1235 782 1303 827 est,
1319 791 1350 818 ιο

110 847 322 897 statimque
354 846 422 883 illa
454 846 649 883 mirabilia
678 845 851 883 facinora
881 845 1017 883 effecit.
1075 844 1155 890 Qui
1183 844 1306 882 chiro-

110 913 257 963 grapha
287 911 461 950 Caesaris
490 911 725 949 defendisset
757 911 857 949 lucri
888 911 949 948 sui
967 913 1106 957 causa,
1138 909 1172 947 is
1204 908 1308 959 leges

114 978 287 1016 Caesaris
305 991 444 1028 easque
466 977 690 1029 praeclaras,
710 981 757 1015 ut
775 991 859 1015 rem
882 976 1080 1027 publicam
1103 978 1308 1013 concutere

112 1048 250 1095 posset,
273 1044 426 1082 evertit.
485 1043 706 1080 Numerum
727 1054 920 1079 annorum
943 1039 1155 1091 provinciis
1178 1052 1308 1090 proro-

111 1110 231 1160 gavit,
259 1109 452 1159 idemque,
486 1118 575 1146 cum
605 1112 782 1146 actorum
815 1107 991 1145 Caesaris
1021 1106 1199 1144 defensor
1227 1119 1308 1144 esse
1321 1115 1350 1142 15

111 1174 279 1222 deberet,
295 1178 336 1212 et
354 1175 396 1211 in
415 1173 583 1224 publicis
601 1177 642 1211 et
659 1173 701 1210 in
713 1172 883 1223 privatis
902 1172 1018 1210 rebus
1032 1174 1120 1209 acta
1134 1170 1309 1210 Caesaris

112 1240 278 1278 rescidit.
338 1239 388 1276 In
407 1238 573 1289 publicis
591 1238 693 1275 nihil
713 1241 772 1275 est
789 1237 874 1288 lege
895 1237 1063 1287 gravius,
1085 1236 1128 1274 in
1145 1236 1309 1287 privatis

34 1355 38 1359 .
111 1306 378 1344 firmissimum
406 1308 467 1342 est
491 1307 781 1341 testamentum.
839 1302 962 1353 Leges
989 1303 1084 1340 alias
1112 1301 1195 1340 sine
1219 1315 1306 1353 pro-

112 1372 352 1423 mulgatione
391 1369 563 1417 sustulit,
603 1369 698 1406 alias
737 1372 784 1405 ut
822 1367 990 1416 tolleret,
1029 1367 1304 1418 promulgavit.

112 1438 407 1476 Testamentum
424 1435 590 1472 inritum
608 1434 710 1481 fecit,
733 1432 836 1483 quod
856 1433 974 1470 etiam
993 1433 1138 1470 infimis
1157 1433 1350 1470 civibuszo

111 1517 263 1555 semper
298 1504 504 1540 obtentum
540 1506 608 1539 est.
667 1500 796 1550 Signa,
831 1499 995 1546 tabulas,
1035 1512 1132 1549 quas
1164 1499 1308 1549 populo

112 1569 254 1608 Caesar
266 1582 347 1607 una
365 1581 454 1606 cum
472 1567 596 1605 hortis
614 1566 768 1616 legavit,
786 1577 850 1602 eas
867 1564 932 1602 hic
950 1565 1095 1614 partim
1114 1564 1156 1600 in
1174 1563 1308 1615 hortos

113 1634 275 1686 Pompei
293 1634 524 1686 deportavit,
547 1633 691 1684 partim
708 1632 751 1669 in
769 1631 906 1668 villam
925 1630 1125 1681 Scipionis.

191 1700 353 1738 XLIII.
405 1699 491 1737 110.
522 1699 576 1736 Et
589 1702 635 1736 tu
653 1698 696 1734 in
717 1696 890 1735 Caesaris
906 1696 1097 1742 vmemoria
1115 1695 1306 1745 diligens?
1350 1696 1352 1698 ’

111 1771 158 1804 tu
174 1766 288 1804 illum
306 1779 413 1803 amas
432 1767 630 1802 mortuum
645 1764 659 1800 2
717 1761 843 1807 Quem
862 1762 895 1798 is
914 1761 1102 1798 honorem
1120 1761 1351 1800 maiorem„

111 1836 339 1871 consecutus
352 1835 447 1879 erat,
464 1843 582 1882 quam
596 1834 643 1868 ut
656 1829 818 1866 haberet
831 1827 1027 1878 pulvinar,
1043 1826 1305 1872 simulacrum,

111 1898 322 1950 fastigium,
353 1897 578 1935 flaminem?
635 1895 709 1932 Est
737 1906 828 1943 ergo
859 1893 1012 1938 flamen,
1044 1895 1092 1928 ut
1123 1890 1221 1938 Iovi,
1261 1893 1309 1927 ut

112 1964 246 2012 Marti,
267 1968 315 2001 ut
338 1963 514 2010 Quirino,
536 1962 590 1999 sic
612 1961 702 1998 divo
725 1959 829 1996 Iulio
852 1958 908 1996 M.
931 1957 1142 1994 Antonius.
1202 1954 1308 2000 Quid

112 2029 234 2080 igitur
252 2029 401 2066 cessas?
425 2040 495 2064 cur
512 2040 591 2063 non
609 2023 884 2075 inauguraris‘t
942 2022 1061 2060 Sume
1081 2022 1196 2067 diem,
1217 2020 1308 2058 vide

112 2095 182 2145 qui
206 2098 247 2132 te
270 2095 503 2143 inauguret:
530 2091 696 2141 collegae
718 2101 873 2136 sumus;
902 2099 1017 2124 nemo
1042 2085 1212 2136 negabit.
1272 2083 1349 2123 Oso

112 2159 381 2197 detestabilem
402 2157 611 2203 hominem,
632 2155 714 2192 sive
735 2153 840 2206 quod
861 2151 1034 2190 Caesaris
1057 2149 1234 2188 sacerdos
1254 2162 1305 2197 es,

112 2223 195 2262 sive
221 2223 325 2275 quod
352 2221 523 2260 mortui!
582 2221 736 2266 Quaero
762 2219 952 2268 deinceps,
978 2230 1075 2254 num
1097 2216 1308 2254 hodiernus
