<?xml version="1.0" encoding="UTF-8"?>
<!DOCTYPE html PUBLIC "-//W3C//DTD XHTML 1.0 Transitional//EN"
    "http://www.w3.org/TR/xhtml1/DTD/xhtml1-transitional.dtd">
<html xmlns="http://www.w3.org/1999/xhtml" xml:lang="en" lang="en">
 <head>
  <title>
</title>
<meta http-equiv="Content-Type" content="text/html;charset=utf-8" />
  <meta name='ocr-system' content='tesseract 3.04.00' />
  <meta name='ocr-capabilities' content='ocr_page ocr_carea ocr_par ocr_line ocrx_word'/>
</head>
<body>
  <div class='ocr_page' id='page_1' title='image "./secondphilippic00cice_0082.png"; bbox 0 0 1396 2436; ppageno 0'>
   <div class='ocr_carea' id='block_1_1' title="bbox 87 83 993 124">
    <p class='ocr_par' dir='ltr' id='par_1_1' title="bbox 87 83 993 124">
     <span class='ocr_line' id='line_1_1' title="bbox 87 83 993 124; baseline 0 -2"><span class='ocrx_word' id='word_1_1' title='bbox 87 84 137 123; x_wconf 77' lang='lat'>22</span> <span class='ocrx_word' id='word_1_2' title='bbox 376 85 431 124; x_wconf 89' lang='lat' dir='ltr'>M.</span> <span class='ocrx_word' id='word_1_3' title='bbox 467 83 668 123; x_wconf 82' lang='lat' dir='ltr'><em>TULLII</em></span> <span class='ocrx_word' id='word_1_4' title='bbox 693 83 993 124; x_wconf 73' lang='lat' dir='ltr'><em>CICERONIS</em></span> 
     </span>
    </p>
   </div>
   <div class='ocr_carea' id='block_1_2' title="bbox 0 186 1396 2002">
    <p class='ocr_par' dir='ltr' id='par_1_2' title="bbox 0 186 1396 2002">
     <span class='ocr_line' id='line_1_2' title="bbox 83 186 1279 240; baseline 0.001 -13"><span class='ocrx_word' id='word_1_5' title='bbox 83 201 154 239; x_wconf 84' lang='lat' dir='ltr'>ego</span> <span class='ocrx_word' id='word_1_6' title='bbox 171 193 422 228; x_wconf 85' lang='lat' dir='ltr'>conservator</span> <span class='ocrx_word' id='word_1_7' title='bbox 435 203 567 236; x_wconf 87' lang='lat' dir='ltr'>essem,</span> <span class='ocrx_word' id='word_1_8' title='bbox 581 194 628 227; x_wconf 88' lang='lat' dir='ltr'>tu</span> <span class='ocrx_word' id='word_1_9' title='bbox 646 186 769 227; x_wconf 86' lang='lat' dir='ltr'>hostis</span> <span class='ocrx_word' id='word_1_10' title='bbox 787 189 845 228; x_wconf 87' lang='lat' dir='ltr'>rei</span> <span class='ocrx_word' id='word_1_11' title='bbox 862 189 1041 240; x_wconf 85' lang='lat' dir='ltr'>publicae</span> <span class='ocrx_word' id='word_1_12' title='bbox 1059 188 1279 228; x_wconf 64' lang='lat' dir='ltr'>iudicatus!</span> 
     </span>
     <span class='ocr_line' id='line_1_3' title="bbox 85 250 1276 300; baseline 0 -10"><span class='ocrx_word' id='word_1_13' title='bbox 85 250 411 299; x_wconf 62' lang='lat' dir='ltr'>Commemoratio</span> <span class='ocrx_word' id='word_1_14' title='bbox 443 254 549 291; x_wconf 91' lang='lat' dir='ltr'>illius</span> <span class='ocrx_word' id='word_1_15' title='bbox 581 253 642 290; x_wconf 88' lang='lat' dir='ltr'>tui</span> <span class='ocrx_word' id='word_1_16' title='bbox 674 253 827 291; x_wconf 88' lang='lat' dir='ltr'>sceleris</span> <span class='ocrx_word' id='word_1_17' title='bbox 854 253 1076 292; x_wconf 83' lang='lat' dir='ltr'>intermissa</span> <span class='ocrx_word' id='word_1_18' title='bbox 1103 257 1172 300; x_wconf 84' lang='lat' dir='ltr'>est,</span> <span class='ocrx_word' id='word_1_19' title='bbox 1200 266 1276 290; x_wconf 88' lang='lat' dir='ltr'>non</span> 
     </span>
     <span class='ocr_line' id='line_1_4' title="bbox 83 316 1282 369; baseline 0.003 -17"><span class='ocrx_word' id='word_1_20' title='bbox 83 316 271 354; x_wconf 86' lang='lat' dir='ltr'>memoria</span> <span class='ocrx_word' id='word_1_21' title='bbox 297 317 433 355; x_wconf 87' lang='lat' dir='ltr'>deleta.</span> <span class='ocrx_word' id='word_1_22' title='bbox 493 318 602 355; x_wconf 85' lang='lat' dir='ltr'>Dum</span> <span class='ocrx_word' id='word_1_23' title='bbox 629 330 752 368; x_wconf 88' lang='lat' dir='ltr'>genus</span> <span class='ocrx_word' id='word_1_24' title='bbox 778 317 992 366; x_wconf 87' lang='lat' dir='ltr'>hominum,</span> <span class='ocrx_word' id='word_1_25' title='bbox 1023 319 1118 356; x_wconf 89' lang='lat' dir='ltr'>dum</span> <span class='ocrx_word' id='word_1_26' title='bbox 1146 318 1282 369; x_wconf 86' lang='lat' dir='ltr'>populi</span> 
     </span>
     <span class='ocr_line' id='line_1_5' title="bbox 86 380 1396 457; baseline 0.003 -39"><span class='ocrx_word' id='word_1_27' title='bbox 86 380 256 419; x_wconf 83' lang='lat' dir='ltr'>Romani</span> <span class='ocrx_word' id='word_1_28' title='bbox 274 394 416 420; x_wconf 88' lang='lat' dir='ltr'>nomen</span> <span class='ocrx_word' id='word_1_29' title='bbox 436 383 767 439; x_wconf 47' lang='lat' dir='ltr'>&amp;abit—quod</span> <span class='ocrx_word' id='word_1_30' title='bbox 794 384 951 435; x_wconf 92' lang='lat' dir='ltr'>quidem</span> <span class='ocrx_word' id='word_1_31' title='bbox 979 384 1066 431; x_wconf 84' lang='lat' dir='ltr'>erit,</span> <span class='ocrx_word' id='word_1_32' title='bbox 1095 384 1129 422; x_wconf 87' lang='lat' dir='ltr'>si</span> <span class='ocrx_word' id='word_1_33' title='bbox 1153 397 1223 434; x_wconf 89' lang='lat' dir='ltr'>per</span> <span class='ocrx_word' id='word_1_34' title='bbox 1240 388 1282 422; x_wconf 85' lang='lat' dir='ltr'>te</span> <span class='ocrx_word' id='word_1_35' title='bbox 1359 401 1396 457; x_wconf 44' lang='lat' dir='ltr'>st*</span> 
     </span>
     <span class='ocr_line' id='line_1_6' title="bbox 0 435 1360 517; baseline 0.003 -35"><span class='ocrx_word' id='word_1_36' title='bbox 0 435 228 517; x_wconf 52' lang='lat' dir='ltr'>k-»f‘T‘foebiss&#39;</span> <span class='ocrx_word' id='word_1_37' title='bbox 258 447 602 497; x_wconf 82' lang='lat' dir='ltr'>sempiternum—‚</span> <span class='ocrx_word' id='word_1_38' title='bbox 640 451 710 485; x_wconf 85' lang='lat' dir='ltr'>tua</span> <span class='ocrx_word' id='word_1_39' title='bbox 742 448 811 486; x_wconf 82' lang='lat' dir='ltr'>illa</span> <span class='ocrx_word' id='word_1_40' title='bbox 843 449 1027 509; x_wconf 57' lang='lat' dir='ltr'>pest-ifera</span> <span class='ocrx_word' id='word_1_41' title='bbox 1058 448 1280 500; x_wconf 67' lang='lat' dir='ltr'>intercessio</span> <span class='ocrx_word' id='word_1_42' title='bbox 1291 448 1360 487; x_wconf 44' lang='grc' dir='ltr'>μμ</span> 
     </span>
     <span class='ocr_line' id='line_1_7' title="bbox 0 503 1282 567; baseline 0.004 -20"><span class='ocrx_word' id='word_1_43' title='bbox 0 503 362 556; x_wconf 52' lang='grc' dir='ltr'>,λψ”11ἒ)ιῐιὶῐιῆὶ)ἱῐιιι·.</span> <span class='ocrx_word' id='word_1_44' title='bbox 422 512 484 550; x_wconf 84' lang='grc'>52.</span> <span class='ocrx_word' id='word_1_45' title='bbox 530 512 636 558; x_wconf 81' lang='lat' dir='ltr'>Quid</span> <span class='ocrx_word' id='word_1_46' title='bbox 654 513 793 567; x_wconf 61' lang='lat' dir='ltr'>cupide</span> <span class='ocrx_word' id='word_1_47' title='bbox 811 526 835 551; x_wconf 83' lang='lat' dir='ltr'>a.</span> <span class='ocrx_word' id='word_1_48' title='bbox 852 518 1000 561; x_wconf 87' lang='lat' dir='ltr'>senatu,</span> <span class='ocrx_word' id='word_1_49' title='bbox 1023 514 1119 564; x_wconf 88' lang='lat' dir='ltr'>quid</span> <span class='ocrx_word' id='word_1_50' title='bbox 1137 518 1282 552; x_wconf 83' lang='lat' dir='ltr'>temero</span> 
     </span>
     <span class='ocr_line' id='line_1_8' title="bbox 86 575 1282 624; baseline 0.003 -11"><span class='ocrx_word' id='word_1_51' title='bbox 86 575 212 624; x_wconf 83' lang='lat' dir='ltr'>fiebat,</span> <span class='ocrx_word' id='word_1_52' title='bbox 247 590 336 616; x_wconf 88' lang='lat' dir='ltr'>cum</span> <span class='ocrx_word' id='word_1_53' title='bbox 367 582 414 615; x_wconf 86' lang='lat' dir='ltr'>tu</span> <span class='ocrx_word' id='word_1_54' title='bbox 441 590 544 615; x_wconf 85' lang='lat' dir='ltr'>unus</span> <span class='ocrx_word' id='word_1_55' title='bbox 579 577 804 616; x_wconf 80' lang='lat' dir='ltr'><strong>adulescens</strong></span> <span class='ocrx_word' id='word_1_56' title='bbox 839 578 1068 616; x_wconf 83' lang='lat' dir='ltr'>universum</span> <span class='ocrx_word' id='word_1_57' title='bbox 1106 579 1282 617; x_wconf 85' lang='lat' dir='ltr'>ordinem</span> 
     </span>
     <span class='ocr_line' id='line_1_9' title="bbox 86 642 1284 696; baseline 0.003 -17"><span class='ocrx_word' id='word_1_58' title='bbox 86 642 290 680; x_wconf 81' lang='lat' dir='ltr'>decernere</span> <span class='ocrx_word' id='word_1_59' title='bbox 331 642 379 680; x_wconf 89' lang='lat' dir='ltr'>de</span> <span class='ocrx_word' id='word_1_60' title='bbox 410 643 536 680; x_wconf 84' lang='lat' dir='ltr'>salute</span> <span class='ocrx_word' id='word_1_61' title='bbox 572 643 630 681; x_wconf 92' lang='lat' dir='ltr'>rei</span> <span class='ocrx_word' id='word_1_62' title='bbox 660 643 837 694; x_wconf 87' lang='lat' dir='ltr'>publicae</span> <span class='ocrx_word' id='word_1_63' title='bbox 869 643 1115 694; x_wconf 76' lang='lat' dir='ltr'><strong>prohibuisti,</strong></span> <span class='ocrx_word' id='word_1_64' title='bbox 1155 657 1284 696; x_wconf 85' lang='lat' dir='ltr'>neque</span> 
     </span>
     <span class='ocr_line' id='line_1_10' title="bbox 86 707 1282 758; baseline 0.003 -14"><span class='ocrx_word' id='word_1_65' title='bbox 86 707 214 754; x_wconf 88' lang='lat' dir='ltr'>semel,</span> <span class='ocrx_word' id='word_1_66' title='bbox 230 707 296 745; x_wconf 89' lang='lat' dir='ltr'>sed</span> <span class='ocrx_word' id='word_1_67' title='bbox 315 707 477 758; x_wconf 83' lang='lat' dir='ltr'>saepius,</span> <span class='ocrx_word' id='word_1_68' title='bbox 508 720 634 756; x_wconf 84' lang='lat' dir='ltr'>neque</span> <span class='ocrx_word' id='word_1_69' title='bbox 664 711 707 744; x_wconf 84' lang='lat' dir='ltr'>tu</span> <span class='ocrx_word' id='word_1_70' title='bbox 741 712 872 746; x_wconf 87' lang='lat' dir='ltr'>tecum</span> <span class='ocrx_word' id='word_1_71' title='bbox 889 709 938 746; x_wconf 90' lang='lat' dir='ltr'>de</span> <span class='ocrx_word' id='word_1_72' title='bbox 955 712 1113 746; x_wconf 81' lang='lat' dir='ltr'>senatus</span> <span class='ocrx_word' id='word_1_73' title='bbox 1131 713 1282 747; x_wconf 86' lang='lat' dir='ltr'>auctor-</span> 
     </span>
     <span class='ocr_line' id='line_1_11' title="bbox 0 772 1326 824; baseline 0.003 -15"><span class='ocrx_word' id='word_1_74' title='bbox 0 787 37 804; x_wconf 59' lang='lat' dir='ltr'><strong>w</strong></span> <span class='ocrx_word' id='word_1_75' title='bbox 88 772 183 810; x_wconf 84' lang='lat' dir='ltr'>itate</span> <span class='ocrx_word' id='word_1_76' title='bbox 218 772 282 823; x_wconf 83' lang='lat' dir='ltr'>agi</span> <span class='ocrx_word' id='word_1_77' title='bbox 313 785 447 823; x_wconf 80' lang='lat' dir='ltr'>passus</span> <span class='ocrx_word' id='word_1_78' title='bbox 483 774 552 811; x_wconf 66' lang='lat' dir='ltr'>es?</span> <span class='ocrx_word' id='word_1_79' title='bbox 593 772 698 818; x_wconf 85' lang='lat' dir='ltr'>Quid</span> <span class='ocrx_word' id='word_1_80' title='bbox 729 777 861 811; x_wconf 87' lang='lat' dir='ltr'>autem</span> <span class='ocrx_word' id='word_1_81' title='bbox 891 775 1088 824; x_wconf 74' lang='lat' dir='ltr'>agebatur,</span> <span class='ocrx_word' id='word_1_82' title='bbox 1120 776 1196 812; x_wconf 86' lang='lat' dir='ltr'>nisi</span> <span class='ocrx_word' id='word_1_83' title='bbox 1233 789 1282 814; x_wconf 87' lang='lat' dir='ltr'>ne</span> <span class='ocrx_word' id='word_1_84' title='bbox 1295 791 1326 818; x_wconf 76' lang='grc' dir='ltr'>ιο</span> 
     </span>
     <span class='ocr_line' id='line_1_12' title="bbox 86 823 1283 889; baseline 0.003 -14"><span class='ocrx_word' id='word_1_85' title='bbox 86 838 207 876; x_wconf 85' lang='lat' dir='ltr'>deleri</span> <span class='ocrx_word' id='word_1_86' title='bbox 217 823 271 876; x_wconf 30' lang='grc' dir='ltr'>ἃ,</span> <span class='ocrx_word' id='word_1_87' title='bbox 284 839 409 876; x_wconf 86' lang='lat' dir='ltr'>everti</span> <span class='ocrx_word' id='word_1_88' title='bbox 428 852 510 877; x_wconf 87' lang='lat' dir='ltr'>rem</span> <span class='ocrx_word' id='word_1_89' title='bbox 538 839 735 889; x_wconf 85' lang='lat' dir='ltr'>publicam</span> <span class='ocrx_word' id='word_1_90' title='bbox 759 839 939 876; x_wconf 84' lang='lat' dir='ltr'>funditus</span> <span class='ocrx_word' id='word_1_91' title='bbox 958 840 1098 878; x_wconf 71' lang='lat' dir='ltr'>velles&#39;l</span> <span class='ocrx_word' id='word_1_92' title='bbox 1119 842 1219 881; x_wconf 88' lang='lat' dir='ltr'>Cum</span> <span class='ocrx_word' id='word_1_93' title='bbox 1242 845 1283 879; x_wconf 85' lang='lat' dir='ltr'>te</span> 
     </span>
     <span class='ocr_line' id='line_1_13' title="bbox 86 903 1282 955; baseline 0.003 -15"><span class='ocrx_word' id='word_1_94' title='bbox 86 916 211 954; x_wconf 89' lang='lat' dir='ltr'>neque</span> <span class='ocrx_word' id='word_1_95' title='bbox 237 903 429 954; x_wconf 81' lang='lat' dir='ltr'>principes</span> <span class='ocrx_word' id='word_1_96' title='bbox 448 904 621 941; x_wconf 87' lang='lat' dir='ltr'>civitatis</span> <span class='ocrx_word' id='word_1_97' title='bbox 639 904 808 955; x_wconf 82' lang='lat' dir='ltr'>rogando</span> <span class='ocrx_word' id='word_1_98' title='bbox 834 918 960 955; x_wconf 89' lang='lat' dir='ltr'>neque</span> <span class='ocrx_word' id='word_1_99' title='bbox 990 906 1155 944; x_wconf 88' lang='lat' dir='ltr'>maiores</span> <span class='ocrx_word' id='word_1_100' title='bbox 1184 911 1282 945; x_wconf 88' lang='lat' dir='ltr'>natu</span> 
     </span>
     <span class='ocr_line' id='line_1_14' title="bbox 86 969 1282 1020; baseline 0.002 -13"><span class='ocrx_word' id='word_1_101' title='bbox 86 970 280 1007; x_wconf 88' lang='lat' dir='ltr'>monendo</span> <span class='ocrx_word' id='word_1_102' title='bbox 307 983 434 1020; x_wconf 91' lang='lat' dir='ltr'>neque</span> <span class='ocrx_word' id='word_1_103' title='bbox 461 969 641 1020; x_wconf 82' lang='lat' dir='ltr'>frequens</span> <span class='ocrx_word' id='word_1_104' title='bbox 674 974 831 1008; x_wconf 85' lang='lat' dir='ltr'>senatus</span> <span class='ocrx_word' id='word_1_105' title='bbox 863 970 1013 1020; x_wconf 86' lang='lat' dir='ltr'>agendo</span> <span class='ocrx_word' id='word_1_106' title='bbox 1045 971 1093 1008; x_wconf 91' lang='lat' dir='ltr'>de</span> <span class='ocrx_word' id='word_1_107' title='bbox 1122 972 1282 1010; x_wconf 83' lang='lat' dir='ltr'>vendita</span> 
     </span>
     <span class='ocr_line' id='line_1_15' title="bbox 9 1017 1318 1090; baseline 0.001 -17"><span class='ocrx_word' id='word_1_108' title='bbox 9 1054 25 1090; x_wconf 48' lang='grc' dir='ltr'><strong><em>ς</em></strong></span> <span class='ocrx_word' id='word_1_109' title='bbox 87 1039 205 1086; x_wconf 87' lang='lat' dir='ltr'>atque</span> <span class='ocrx_word' id='word_1_110' title='bbox 244 1035 399 1086; x_wconf 76' lang='lat' dir='ltr'>addicta</span> <span class='ocrx_word' id='word_1_111' title='bbox 437 1035 634 1086; x_wconf 82' lang='lat' dir='ltr'>sententia</span> <span class='ocrx_word' id='word_1_112' title='bbox 664 1047 820 1073; x_wconf 87' lang='lat' dir='ltr'>movere</span> <span class='ocrx_word' id='word_1_113' title='bbox 838 1034 1042 1084; x_wconf 79' lang='lat' dir='ltr'>potuisset,</span> <span class='ocrx_word' id='word_1_114' title='bbox 1066 1039 1151 1072; x_wconf 82' lang='lat' dir='ltr'>tum</span> <span class='ocrx_word' id='word_1_115' title='bbox 1185 1036 1283 1074; x_wconf 89' lang='lat' dir='ltr'>illud</span> <span class='ocrx_word' id='word_1_116' title='bbox 1302 1017 1318 1047; x_wconf 39' lang='grc' dir='ltr'>λ·</span> 
     </span>
     <span class='ocr_line' id='line_1_16' title="bbox 87 1100 1326 1151; baseline 0 -11"><span class='ocrx_word' id='word_1_117' title='bbox 87 1102 222 1140; x_wconf 88' lang='lat' dir='ltr'>multis</span> <span class='ocrx_word' id='word_1_118' title='bbox 249 1102 365 1139; x_wconf 86' lang='lat' dir='ltr'>rebus</span> <span class='ocrx_word' id='word_1_119' title='bbox 387 1105 480 1139; x_wconf 88' lang='lat' dir='ltr'>ante</span> <span class='ocrx_word' id='word_1_120' title='bbox 507 1101 711 1151; x_wconf 84' lang='lat' dir='ltr'>temptatis</span> <span class='ocrx_word' id='word_1_121' title='bbox 735 1100 949 1139; x_wconf 84' lang='lat' dir='ltr'>necessario</span> <span class='ocrx_word' id='word_1_122' title='bbox 969 1101 1043 1138; x_wconf 86' lang='lat' dir='ltr'>tibi</span> <span class='ocrx_word' id='word_1_123' title='bbox 1062 1101 1207 1139; x_wconf 84' lang='lat' dir='ltr'>vulnus</span> <span class='ocrx_word' id='word_1_124' title='bbox 1225 1103 1283 1139; x_wconf 89' lang='lat' dir='ltr'>in·</span> <span class='ocrx_word' id='word_1_125' title='bbox 1296 1115 1326 1143; x_wconf 67' lang='grc' dir='ltr'>ιε</span> 
     </span>
     <span class='ocr_line' id='line_1_17' title="bbox 88 1167 1284 1218; baseline -0.002 -11"><span class='ocrx_word' id='word_1_126' title='bbox 88 1169 237 1208; x_wconf 88' lang='lat' dir='ltr'>flictum</span> <span class='ocrx_word' id='word_1_127' title='bbox 257 1172 326 1214; x_wconf 90' lang='lat' dir='ltr'>est,</span> <span class='ocrx_word' id='word_1_128' title='bbox 343 1167 448 1218; x_wconf 85' lang='lat' dir='ltr'>quod</span> <span class='ocrx_word' id='word_1_129' title='bbox 466 1167 600 1217; x_wconf 84' lang='lat' dir='ltr'>paucis</span> <span class='ocrx_word' id='word_1_130' title='bbox 620 1170 714 1204; x_wconf 82' lang='lat' dir='ltr'>ante</span> <span class='ocrx_word' id='word_1_131' title='bbox 731 1169 783 1213; x_wconf 88' lang='lat' dir='ltr'>te,</span> <span class='ocrx_word' id='word_1_132' title='bbox 798 1179 965 1217; x_wconf 88' lang='lat' dir='ltr'>quorum</span> <span class='ocrx_word' id='word_1_133' title='bbox 984 1167 1189 1205; x_wconf 89' lang='lat' dir='ltr'>incolumis</span> <span class='ocrx_word' id='word_1_134' title='bbox 1207 1167 1284 1205; x_wconf 85' lang='lat' dir='ltr'>fnit</span> 
     </span>
     <span class='ocr_line' id='line_1_18' title="bbox 87 1230 1284 1272; baseline -0.001 -1"><span class='ocrx_word' id='word_1_135' title='bbox 87 1247 220 1272; x_wconf 88' lang='lat' dir='ltr'>nemo:</span> <span class='ocrx_word' id='word_1_136' title='bbox 251 1237 338 1270; x_wconf 82' lang='lat' dir='ltr'>tum</span> <span class='ocrx_word' id='word_1_137' title='bbox 363 1236 500 1269; x_wconf 86' lang='lat' dir='ltr'>contra</span> <span class='ocrx_word' id='word_1_138' title='bbox 524 1235 565 1269; x_wconf 89' lang='lat' dir='ltr'>te</span> <span class='ocrx_word' id='word_1_139' title='bbox 590 1230 700 1269; x_wconf 89' lang='lat' dir='ltr'>dedit</span> <span class='ocrx_word' id='word_1_140' title='bbox 725 1244 834 1268; x_wconf 74' lang='lat' dir='ltr'>anna</span> <span class='ocrx_word' id='word_1_141' title='bbox 860 1231 924 1269; x_wconf 87' lang='lat' dir='ltr'>hic</span> <span class='ocrx_word' id='word_1_142' title='bbox 942 1232 1036 1269; x_wconf 87' lang='lat' dir='ltr'>ordo</span> <span class='ocrx_word' id='word_1_143' title='bbox 1061 1231 1284 1271; x_wconf 84' lang='lat' dir='ltr'>consulibus</span> 
     </span>
     <span class='ocr_line' id='line_1_19' title="bbox 87 1298 1280 1350; baseline -0.001 -13"><span class='ocrx_word' id='word_1_144' title='bbox 87 1300 324 1350; x_wconf 81' lang='lat' dir='ltr'>reliquisque</span> <span class='ocrx_word' id='word_1_145' title='bbox 338 1298 511 1349; x_wconf 86' lang='lat' dir='ltr'>imperiis</span> <span class='ocrx_word' id='word_1_146' title='bbox 522 1302 563 1335; x_wconf 90' lang='lat' dir='ltr'>et</span> <span class='ocrx_word' id='word_1_147' title='bbox 575 1298 854 1349; x_wconf 88' lang='lat' dir='ltr'>potestatibus:</span> <span class='ocrx_word' id='word_1_148' title='bbox 867 1311 967 1348; x_wconf 87' lang='lat' dir='ltr'>quae</span> <span class='ocrx_word' id='word_1_149' title='bbox 980 1311 1060 1336; x_wconf 89' lang='lat' dir='ltr'>non</span> <span class='ocrx_word' id='word_1_150' title='bbox 1074 1298 1280 1349; x_wconf 58' lang='lat' dir='ltr'>effugisses,</span> 
     </span>
     <span class='ocr_line' id='line_1_20' title="bbox 89 1360 1281 1404; baseline 0.002 -2"><span class='ocrx_word' id='word_1_151' title='bbox 89 1366 163 1402; x_wconf 87' lang='lat' dir='ltr'>nisi</span> <span class='ocrx_word' id='word_1_152' title='bbox 199 1370 241 1403; x_wconf 87' lang='lat' dir='ltr'>te</span> <span class='ocrx_word' id='word_1_153' title='bbox 276 1365 326 1402; x_wconf 79' lang='lat' dir='ltr'>ad</span> <span class='ocrx_word' id='word_1_154' title='bbox 361 1377 470 1402; x_wconf 87' lang='lat' dir='ltr'>arma</span> <span class='ocrx_word' id='word_1_155' title='bbox 507 1363 682 1402; x_wconf 82' lang='lat' dir='ltr'>Caesaris</span> <span class='ocrx_word' id='word_1_156' title='bbox 718 1364 954 1403; x_wconf 73' lang='lat' dir='ltr'>contulisses.</span> <span class='ocrx_word' id='word_1_157' title='bbox 1012 1360 1160 1404; x_wconf 93' lang='lat' dir='ltr'>XXII.</span> <span class='ocrx_word' id='word_1_158' title='bbox 1218 1366 1281 1404; x_wconf 88' lang='grc'>53.</span> 
     </span>
     <span class='ocr_line' id='line_1_21' title="bbox 88 1428 1326 1480; baseline 0.001 -13"><span class='ocrx_word' id='word_1_159' title='bbox 88 1430 158 1476; x_wconf 88' lang='lat' dir='ltr'>Tu,</span> <span class='ocrx_word' id='word_1_160' title='bbox 180 1434 237 1475; x_wconf 89' lang='lat' dir='ltr'>tu,</span> <span class='ocrx_word' id='word_1_161' title='bbox 258 1430 429 1480; x_wconf 86' lang='lat' dir='ltr'>inquam,</span> <span class='ocrx_word' id='word_1_162' title='bbox 454 1428 510 1466; x_wconf 93' lang='lat' dir='ltr'>M.</span> <span class='ocrx_word' id='word_1_163' title='bbox 532 1428 700 1475; x_wconf 90' lang='lat' dir='ltr'>Antoni,</span> <span class='ocrx_word' id='word_1_164' title='bbox 719 1429 896 1479; x_wconf 84' lang='lat' dir='ltr'>princeps</span> <span class='ocrx_word' id='word_1_165' title='bbox 915 1429 957 1468; x_wconf 89' lang='lat' dir='ltr'>C.</span> <span class='ocrx_word' id='word_1_166' title='bbox 980 1428 1136 1468; x_wconf 80' lang='lat' dir='ltr'>Caesari</span> <span class='ocrx_word' id='word_1_167' title='bbox 1153 1431 1326 1472; x_wconf 69' lang='lat' dir='ltr'>omniam</span> 
     </span>
     <span class='ocr_line' id='line_1_22' title="bbox 87 1489 1283 1548; baseline -0.001 -14"><span class='ocrx_word' id='word_1_168' title='bbox 87 1497 319 1548; x_wconf 85' lang='lat' dir='ltr'>perturbare</span> <span class='ocrx_word' id='word_1_169' title='bbox 349 1494 525 1546; x_wconf 85' lang='lat' dir='ltr'>cupienti</span> <span class='ocrx_word' id='word_1_170' title='bbox 553 1489 708 1532; x_wconf 82' lang='lat' dir='ltr'>causam</span> <span class='ocrx_word' id='word_1_171' title='bbox 747 1495 841 1531; x_wconf 86' lang='lat' dir='ltr'>belli</span> <span class='ocrx_word' id='word_1_172' title='bbox 870 1498 1006 1532; x_wconf 85' lang='lat' dir='ltr'>contra</span> <span class='ocrx_word' id='word_1_173' title='bbox 1030 1489 1198 1545; x_wconf 78' lang='lat' dir='ltr'>patriam</span> <span class='ocrx_word' id='word_1_174' title='bbox 1227 1497 1283 1533; x_wconf 88' lang='lat' dir='ltr'>in-</span> 
     </span>
     <span class='ocr_line' id='line_1_23' title="bbox 88 1559 1282 1612; baseline 0 -13"><span class='ocrx_word' id='word_1_175' title='bbox 88 1562 238 1599; x_wconf 82' lang='lat' dir='ltr'>ferendi</span> <span class='ocrx_word' id='word_1_176' title='bbox 265 1561 417 1598; x_wconf 83' lang='lat' dir='ltr'>dedisti.</span> <span class='ocrx_word' id='word_1_177' title='bbox 477 1559 582 1605; x_wconf 86' lang='lat' dir='ltr'>Quid</span> <span class='ocrx_word' id='word_1_178' title='bbox 606 1560 711 1597; x_wconf 89' lang='lat' dir='ltr'>enim</span> <span class='ocrx_word' id='word_1_179' title='bbox 732 1560 839 1598; x_wconf 83' lang='lat' dir='ltr'>aliud</span> <span class='ocrx_word' id='word_1_180' title='bbox 864 1560 931 1598; x_wconf 88' lang='lat' dir='ltr'>ille</span> <span class='ocrx_word' id='word_1_181' title='bbox 958 1560 1137 1598; x_wconf 69' lang='lat' dir='ltr'>dicebat?</span> <span class='ocrx_word' id='word_1_182' title='bbox 1166 1574 1282 1612; x_wconf 84' lang='lat' dir='ltr'>quam</span> 
     </span>
     <span class='ocr_line' id='line_1_24' title="bbox 89 1626 1282 1674; baseline -0.001 -9"><span class='ocrx_word' id='word_1_183' title='bbox 89 1640 243 1665; x_wconf 89' lang='lat' dir='ltr'>causam</span> <span class='ocrx_word' id='word_1_184' title='bbox 271 1627 333 1664; x_wconf 87' lang='lat' dir='ltr'>sui</span> <span class='ocrx_word' id='word_1_185' title='bbox 365 1626 646 1664; x_wconf 85' lang='lat' dir='ltr'>dementissimi</span> <span class='ocrx_word' id='word_1_186' title='bbox 684 1626 835 1663; x_wconf 80' lang='lat' dir='ltr'>consilii</span> <span class='ocrx_word' id='word_1_187' title='bbox 870 1630 911 1663; x_wconf 89' lang='lat' dir='ltr'>et</span> <span class='ocrx_word' id='word_1_188' title='bbox 944 1626 1038 1663; x_wconf 73' lang='lat' dir='ltr'>facti</span> <span class='ocrx_word' id='word_1_189' title='bbox 1071 1627 1282 1674; x_wconf 81' lang='lat' dir='ltr'>adferebat,</span> 
     </span>
     <span class='ocr_line' id='line_1_25' title="bbox 0 1687 1345 1743; baseline 0 -13"><span class='ocrx_word' id='word_1_190' title='bbox 0 1689 38 1741; x_wconf 52' lang='lat'>24,</span> <span class='ocrx_word' id='word_1_191' title='bbox 77 1693 165 1730; x_wconf 45' lang='lat' dir='ltr'>*nisi</span> <span class='ocrx_word' id='word_1_192' title='bbox 192 1692 296 1743; x_wconf 87' lang='lat' dir='ltr'>quod</span> <span class='ocrx_word' id='word_1_193' title='bbox 319 1692 543 1743; x_wconf 62' lang='lat' dir='ltr'>stio</span> <span class='ocrx_word' id='word_1_194' title='bbox 571 1687 758 1742; x_wconf 78' lang='lat' dir='ltr'>neglecta,</span> <span class='ocrx_word' id='word_1_195' title='bbox 787 1691 849 1728; x_wconf 86' lang='lat' dir='ltr'>ius</span> <span class='ocrx_word' id='word_1_196' title='bbox 873 1691 1129 1736; x_wconf 78' lang='lat' dir='ltr'>tribunicium</span> <span class='ocrx_word' id='word_1_197' title='bbox 1157 1693 1285 1730; x_wconf 83' lang='lat' dir='ltr'>subla-</span> <span class='ocrx_word' id='word_1_198' title='bbox 1343 1690 1345 1693; x_wconf 45' lang='lat'><strong>⁴</strong></span> 
     </span>
     <span class='ocr_line' id='line_1_26' title="bbox 6 1756 1327 1807; baseline 0 -12"><span class='ocrx_word' id='word_1_199' title='bbox 6 1763 76 1803; x_wconf 24' lang='grc' dir='ltr'>Ὶ,ἐμὲ</span> <span class='ocrx_word' id='word_1_200' title='bbox 90 1762 186 1802; x_wconf 87' lang='lat' dir='ltr'>tum,</span> <span class='ocrx_word' id='word_1_201' title='bbox 207 1756 523 1807; x_wconf 72' lang='lat' dir='ltr'>circumscriptus</span> <span class='ocrx_word' id='word_1_202' title='bbox 540 1769 564 1793; x_wconf 86' lang='lat' dir='ltr'>a</span> <span class='ocrx_word' id='word_1_203' title='bbox 578 1760 715 1794; x_wconf 85' lang='lat' dir='ltr'>senatu</span> <span class='ocrx_word' id='word_1_204' title='bbox 731 1759 830 1794; x_wconf 85' lang='lat' dir='ltr'>esset</span> <span class='ocrx_word' id='word_1_205' title='bbox 844 1756 1074 1794; x_wconf 66' lang='lat' dir='ltr'>Antonius?</span> <span class='ocrx_word' id='word_1_206' title='bbox 1131 1756 1284 1795; x_wconf 89' lang='lat' dir='ltr'>Omitto</span> <span class='ocrx_word' id='word_1_207' title='bbox 1294 1768 1327 1796; x_wconf 73' lang='lat'>‘26</span> 
     </span>
     <span class='ocr_line' id='line_1_27' title="bbox 3 1821 1286 1875; baseline -0.001 -15"><span class='ocrx_word' id='word_1_208' title='bbox 3 1829 69 1875; x_wconf 40' lang='grc' dir='ltr'>«μ,</span> <span class='ocrx_word' id='word_1_209' title='bbox 89 1835 206 1873; x_wconf 85' lang='lat' dir='ltr'>quam</span> <span class='ocrx_word' id='word_1_210' title='bbox 225 1822 320 1859; x_wconf 88' lang='lat' dir='ltr'>haec</span> <span class='ocrx_word' id='word_1_211' title='bbox 338 1821 444 1869; x_wconf 86' lang='lat' dir='ltr'>falsa,</span> <span class='ocrx_word' id='word_1_212' title='bbox 472 1834 591 1871; x_wconf 84' lang='lat' dir='ltr'>quam</span> <span class='ocrx_word' id='word_1_213' title='bbox 618 1821 729 1867; x_wconf 72' lang='lat' dir='ltr'>levia,</span> <span class='ocrx_word' id='word_1_214' title='bbox 751 1821 980 1871; x_wconf 83' lang='lat' dir='ltr'>praesertim</span> <span class='ocrx_word' id='word_1_215' title='bbox 1008 1833 1098 1859; x_wconf 91' lang='lat' dir='ltr'>cum</span> <span class='ocrx_word' id='word_1_216' title='bbox 1126 1822 1286 1860; x_wconf 88' lang='lat' dir='ltr'>omnino</span> 
     </span>
     <span class='ocr_line' id='line_1_28' title="bbox 90 1885 1284 1936; baseline 0 -12"><span class='ocrx_word' id='word_1_217' title='bbox 90 1888 198 1924; x_wconf 83' lang='lat' dir='ltr'>nulla</span> <span class='ocrx_word' id='word_1_218' title='bbox 217 1899 331 1924; x_wconf 87' lang='lat' dir='ltr'>causa</span> <span class='ocrx_word' id='word_1_219' title='bbox 356 1886 460 1924; x_wconf 87' lang='lat' dir='ltr'>iusta</span> <span class='ocrx_word' id='word_1_220' title='bbox 485 1886 666 1936; x_wconf 82' lang='lat' dir='ltr'>cuiquam</span> <span class='ocrx_word' id='word_1_221' title='bbox 692 1898 773 1922; x_wconf 89' lang='lat' dir='ltr'>esse</span> <span class='ocrx_word' id='word_1_222' title='bbox 803 1885 926 1935; x_wconf 88' lang='lat' dir='ltr'>possit</span> <span class='ocrx_word' id='word_1_223' title='bbox 953 1889 1089 1922; x_wconf 85' lang='lat' dir='ltr'>contra</span> <span class='ocrx_word' id='word_1_224' title='bbox 1116 1886 1284 1935; x_wconf 81' lang='lat' dir='ltr'>patriam</span> 
     </span>
     <span class='ocr_line' id='line_1_29' title="bbox 91 1950 1287 2002; baseline -0.003 -11"><span class='ocrx_word' id='word_1_225' title='bbox 91 1966 200 1992; x_wconf 83' lang='lat' dir='ltr'>arma</span> <span class='ocrx_word' id='word_1_226' title='bbox 217 1952 403 2002; x_wconf 86' lang='lat' dir='ltr'>capiendi.</span> <span class='ocrx_word' id='word_1_227' title='bbox 463 1951 539 1989; x_wconf 86' lang='lat' dir='ltr'>Sed</span> <span class='ocrx_word' id='word_1_228' title='bbox 565 1951 664 1988; x_wconf 90' lang='lat' dir='ltr'>nihil</span> <span class='ocrx_word' id='word_1_229' title='bbox 689 1951 737 1988; x_wconf 90' lang='lat' dir='ltr'>de</span> <span class='ocrx_word' id='word_1_230' title='bbox 757 1950 940 1988; x_wconf 79' lang='lat' dir='ltr'>Caesare:</span> <span class='ocrx_word' id='word_1_231' title='bbox 969 1951 1043 1987; x_wconf 90' lang='lat' dir='ltr'>tibi</span> <span class='ocrx_word' id='word_1_232' title='bbox 1070 1954 1174 1988; x_wconf 87' lang='lat' dir='ltr'>certe</span> <span class='ocrx_word' id='word_1_233' title='bbox 1198 1964 1287 1989; x_wconf 86' lang='lat' dir='ltr'>con-</span> 
     </span>
    </p>
   </div>
   <div class='ocr_carea' id='block_1_3' title="bbox 1352 1013 1396 1020">
    <p class='ocr_par' dir='ltr' id='par_1_3' title="bbox 1352 1013 1396 1020">
     <span class='ocr_line' id='line_1_30' title="bbox 1352 1013 1396 1020; baseline -0.045 0"><span class='ocrx_word' id='word_1_234' title='bbox 1352 1013 1396 1020; x_wconf 69' lang='lat'>,--</span> 
     </span>
    </p>
   </div>
   <div class='ocr_carea' id='block_1_4' title="bbox 1379 1026 1396 1046">
    <p class='ocr_par' dir='ltr' id='par_1_4' title="bbox 1379 1026 1396 1046">
     <span class='ocr_line' id='line_1_31' title="bbox 1379 1026 1396 1046; baseline 0 0"><span class='ocrx_word' id='word_1_235' title='bbox 1379 1026 1396 1046; x_wconf 62' lang='lat' dir='ltr'>’F</span> 
     </span>
    </p>
   </div>
   <div class='ocr_carea' id='block_1_5' title="bbox 91 2017 1328 2266">
    <p class='ocr_par' dir='ltr' id='par_1_5' title="bbox 6 2017 1328 2266">
     <span class='ocr_line' id='line_1_32' title="bbox 92 2017 1288 2068; baseline -0.002 -12"><span class='ocrx_word' id='word_1_236' title='bbox 92 2019 283 2057; x_wconf 78' lang='lat' dir='ltr'>fitendum</span> <span class='ocrx_word' id='word_1_237' title='bbox 302 2022 361 2055; x_wconf 88' lang='lat' dir='ltr'>est</span> <span class='ocrx_word' id='word_1_238' title='bbox 379 2031 532 2055; x_wconf 79' lang='lat' dir='ltr'>causam</span> <span class='ocrx_word' id='word_1_239' title='bbox 552 2018 865 2068; x_wconf 82' lang='lat' dir='ltr'>perniciosissimi</span> <span class='ocrx_word' id='word_1_240' title='bbox 879 2017 971 2054; x_wconf 92' lang='lat' dir='ltr'>belli</span> <span class='ocrx_word' id='word_1_241' title='bbox 985 2018 1027 2054; x_wconf 92' lang='lat' dir='ltr'>in</span> <span class='ocrx_word' id='word_1_242' title='bbox 1041 2030 1206 2067; x_wconf 88' lang='lat' dir='ltr'>persona</span> <span class='ocrx_word' id='word_1_243' title='bbox 1217 2021 1288 2055; x_wconf 85' lang='lat' dir='ltr'>tua</span> 
     </span>
     <span class='ocr_line' id='line_1_33' title="bbox 91 2083 1328 2132; baseline -0.003 -9.257"><span class='ocrx_word' id='word_1_244' title='bbox 91 2085 319 2123; x_wconf 81' lang='lat' dir='ltr'>constitisse.</span> <span class='ocrx_word' id='word_1_245' title='bbox 369 2085 431 2122; x_wconf 81' lang='lat'>54.</span> <span class='ocrx_word' id='word_1_246' title='bbox 468 2084 502 2122; x_wconf 91' lang='lat' dir='ltr'>O</span> <span class='ocrx_word' id='word_1_247' title='bbox 522 2085 706 2121; x_wconf 88' lang='lat' dir='ltr'>miserum</span> <span class='ocrx_word' id='word_1_248' title='bbox 727 2088 776 2131; x_wconf 90' lang='lat' dir='ltr'>te,</span> <span class='ocrx_word' id='word_1_249' title='bbox 791 2084 824 2120; x_wconf 87' lang='lat' dir='ltr'>si</span> <span class='ocrx_word' id='word_1_250' title='bbox 844 2084 936 2120; x_wconf 80' lang='lat' dir='ltr'>haec</span> <span class='ocrx_word' id='word_1_251' title='bbox 952 2083 1156 2132; x_wconf 74' lang='lat' dir='ltr'>intellegis,</span> <span class='ocrx_word' id='word_1_252' title='bbox 1174 2083 1284 2120; x_wconf 87' lang='lat' dir='ltr'>mise·</span> <span class='ocrx_word' id='word_1_253' title='bbox 1296 2093 1328 2119; x_wconf 73' lang='grc' dir='ltr'><strong><em>ω</em></strong></span> 
     </span>
     <span class='ocr_line' id='line_1_34' title="bbox 92 2140 1285 2199; baseline -0.003 -11"><span class='ocrx_word' id='word_1_254' title='bbox 92 2140 244 2196; x_wconf 70' lang='lat' dir='ltr'>riorem,</span> <span class='ocrx_word' id='word_1_255' title='bbox 270 2150 318 2186; x_wconf 47' lang='lat' dir='ltr'>»si</span> <span class='ocrx_word' id='word_1_256' title='bbox 349 2162 427 2186; x_wconf 87' lang='lat' dir='ltr'>non</span> <span class='ocrx_word' id='word_1_257' title='bbox 469 2149 672 2199; x_wconf 72' lang='lat' dir='ltr'>intellegi8‚</span> <span class='ocrx_word' id='word_1_258' title='bbox 712 2148 784 2184; x_wconf 89' lang='lat' dir='ltr'>hoc</span> <span class='ocrx_word' id='word_1_259' title='bbox 811 2148 956 2184; x_wconf 83' lang='lat' dir='ltr'>litteris</span> <span class='ocrx_word' id='word_1_260' title='bbox 991 2148 1178 2193; x_wconf 77' lang='lat' dir='ltr'>mandari,</span> <span class='ocrx_word' id='word_1_261' title='bbox 1214 2147 1285 2184; x_wconf 87' lang='lat' dir='ltr'>hoc</span> 
     </span>
     <span class='ocr_line' id='line_1_35' title="bbox 92 2212 1286 2266; baseline -0.005 -12"><span class='ocrx_word' id='word_1_262' title='bbox 92 2215 300 2254; x_wconf 78' lang='lat' dir='ltr'>memoriae</span> <span class='ocrx_word' id='word_1_263' title='bbox 318 2215 440 2266; x_wconf 82' lang='lat' dir='ltr'>prodi.</span> <span class='ocrx_word' id='word_1_264' title='bbox 461 2214 577 2251; x_wconf 88' lang='lat' dir='ltr'>huius</span> <span class='ocrx_word' id='word_1_265' title='bbox 595 2214 651 2251; x_wconf 90' lang='lat' dir='ltr'>rei</span> <span class='ocrx_word' id='word_1_266' title='bbox 671 2225 719 2249; x_wconf 87' lang='lat' dir='ltr'>ne</span> <span class='ocrx_word' id='word_1_267' title='bbox 738 2213 1003 2263; x_wconf 83' lang='lat' dir='ltr'>posteritatem</span> <span class='ocrx_word' id='word_1_268' title='bbox 1026 2212 1183 2262; x_wconf 87' lang='lat' dir='ltr'>quidem</span> <span class='ocrx_word' id='word_1_269' title='bbox 1207 2225 1286 2248; x_wconf 90' lang='lat' dir='ltr'>om-</span> 
     </span>
    </p>
   </div>
  </div>
 </body>
</html>
