1396 2436
104 92 151 129 46
398 92 454 130 M.
489 92 691 130 TULLII
721 92 1016 133 CICERONIS

101 191 218 229 salvis
243 192 379 230 nobis!
405 191 472 230 sed
498 205 654 242 quoquo
679 191 794 230 modo
822 193 1024 232 nobiscum
1051 194 1182 245 egeriS,
1210 193 1304 231 dum

101 257 186 295 istis
214 258 384 296 consiliis
410 258 543 306 uteris,
574 271 654 295 non
681 262 800 309 potes,
833 260 930 298 mihi
959 261 1081 308 crede,
1111 273 1194 298 esse
1221 259 1304 296 diu-

101 326 252 360 turnus.
303 322 462 360 Etenim
481 323 558 360 ista
576 327 646 360 tua
664 323 826 361 minime
844 337 963 363 avara
981 326 1164 372 coniunx,
1185 337 1303 376 quam

100 400 172 437 ego
190 388 274 426 sine
293 388 531 426 contumelia
550 389 735 437 describo,
750 389 917 428 nimium
937 392 1007 429 diu
1026 392 1141 429 debet
1160 392 1305 443 populo

102 453 281 492 Romano
299 455 458 492 tertiam
477 456 712 505 pensionem.
761 455 896 494 Habet
914 458 1082 509 populus
1102 457 1302 496 Romanus
1314 473 1329 501 5

101 520 150 558 ad
169 533 266 570 quos
284 521 546 570 gubernacula
564 521 622 558 rei
643 521 820 571 publicae
842 522 1012 562 deferat:
1042 523 1111 574 qui
1129 523 1302 562 ubicum-

101 598 178 635 que
194 589 385 623 terrarum
399 589 502 631 sunt,
519 585 575 622 ibi
590 599 704 623 omne
719 590 778 624 est
791 586 849 625 rei
866 588 1047 638 publicae
1065 588 1302 639 praesidium

101 651 164 688 vel
178 651 309 702 potius
327 651 412 701 ipsa
428 664 490 689 res
509 651 677 701 publica,
693 664 793 702 quae
811 665 852 690 se
871 653 999 691 adhuc
1012 657 1169 691 tantum
1188 654 1302 692 modo

102 717 188 754 ulta
205 721 274 764 est,
295 717 470 754 nondum
487 717 730 767 reciperavit.
787 717 924 756 Habet
942 719 1101 769 quidem
1121 722 1224 756 certe
1241 731 1302 757 res

102 782 258 833 publica
285 782 552 820 adulescentes
581 782 841 821 nobilissimos
873 788 1028 834 paratos
1058 784 1296 822 defensores:
1315 798 1344 836 ιο

102 861 220 898 quam
242 849 377 886 volent
403 848 464 885 illi
492 848 632 886 cedant
660 849 741 886 otio
769 849 1025 894 consulentes,
1049 853 1183 888 tamen
1210 862 1234 888 a
1259 863 1302 888 re

102 914 258 964 publica
275 914 574 952 revocabuntur.
615 913 667 950 Et
680 925 768 950 nom
774 926 822 950 en
836 914 942 963 pacis
956 914 1069 951 dulce
1083 918 1143 952 est
1161 918 1201 952 et
1219 914 1303 965 ipsa

102 992 162 1017 res
181 980 381 1029 salutaris3
403 980 470 1018 sed
491 980 597 1018 inter
614 993 748 1031 pacem
771 983 811 1017 et
833 980 1064 1018 servitutem
1087 980 1300 1031 plurimum

103 1045 276 1083 interest.
338 1045 424 1083 Pax
461 1050 520 1083 est
555 1045 770 1096 tranquilla
804 1045 974 1093 libertas,
1013 1046 1181 1085 servitus
1218 1059 1301 1098 pos-

102 1115 275 1149 tremum
297 1111 489 1149 malorum
512 1111 698 1158 omnium,
718 1124 798 1148 non
819 1111 934 1148 modo
956 1111 1067 1160 bello,
1088 1113 1155 1150 sed
1175 1116 1302 1150 morte
1315 1120 1343 1147 ¹⁵

103 1177 222 1215 etiam
246 1178 526 1228 repellendum.
584 1177 683 1214 114..
702 1175 815 1222 Quod
841 1176 875 1214 si
900 1189 940 1214 se
963 1176 1066 1226 ipsos
1090 1175 1151 1214 illi
1178 1176 1302 1214 nostri

102 1243 327 1281 liberatores
341 1255 363 1280 e
378 1245 584 1292 conspectu
598 1245 733 1279 nostro
746 1241 1003 1288 abstulerunt,
1020 1245 1063 1278 at
1077 1241 1301 1291 exemplum

102 1307 196 1345 facti
223 1307 475 1357 reliquerunt.
544 1306 622 1354 Illi,
652 1306 757 1356 quod
787 1318 902 1343 nemo
929 1306 1082 1353 fecerat,
1111 1307 1296 1344 fecerunt.

102 1373 362 1424 Tarquinium
388 1372 537 1409 Brutus
561 1371 663 1408 bello
689 1374 748 1409 est
768 1361 1004 1421 persecutus,
1029 1371 1098 1421 qui
1119 1374 1207 1408 tum
1229 1384 1298 1408 rex

101 1437 190 1484 fuit,
210 1451 299 1475 cum
317 1450 399 1475 esse
419 1437 569 1474 Romae
587 1436 748 1485 licebat;
769 1436 832 1487 Sp.
851 1436 1018 1483 Cassius,
1032 1436 1096 1487 Sp.
1118 1436 1297 1485 Maelius,
1311 1447 1342 1473 2⁰

103 1501 158 1540 M.
183 1501 358 1539 Manlius
380 1505 539 1552 propter
562 1501 818 1552 suspitionem
842 1502 949 1552 regm‘
978 1503 1186 1552 adpetendi
1208 1507 1301 1541 sunt

101 1566 253 1604 necati:
285 1566 329 1603 hi
353 1566 524 1616 primum
549 1579 638 1603 cum
664 1566 804 1616 gladiis
827 1579 907 1604 non
930 1567 973 1604 in
997 1580 1157 1618 regnum
1187 1568 1302 1619 adpe-

104 1635 261 1678 tentem,
292 1632 359 1669 sed
387 1632 429 1669 in
456 1635 685 1682 regnantem
711 1632 903 1682 impetum
934 1632 1119 1671 fecerunt.
1187 1633 1302 1679 Quod

103 1710 191 1735 cum
209 1697 337 1747 ipsum
351 1697 498 1734 factum
512 1710 582 1748 per
594 1710 635 1735 se
649 1697 964 1747 praeclarum-est
976 1702 1096 1748 atque
1109 1698 1298 1746 divinum,
1336 1697 1338 1699 ’

102 1766 189 1800 tum
210 1763 431 1813 expositum
453 1762 503 1800 ad
527 1763 763 1799 imitandum
784 1767 852 1810 est,
879 1763 1106 1812 praesertim
1129 1776 1218 1801 cum
1242 1764 1342 1801 illis
1361 1769 1366 1773 ”

103 1841 188 1865 eam
214 1827 378 1877 gloriam
403 1827 598 1865 consecuti
622 1827 714 1874 sint,
738 1840 838 1877 quae
860 1827 930 1864 vix
955 1827 1060 1865 caelo
1086 1830 1171 1879 capi
1193 1842 1302 1880 posse

104 1893 290 1930 videatur.
349 1892 436 1930 Etsi
455 1892 561 1930 enim
579 1892 673 1930 satis
694 1892 738 1929 in
761 1892 845 1942 ipsa
867 1893 1102 1931 conscientia
1125 1895 1300 1944 pulcher-

103 1958 193 1995 rimi
215 1947 310 1995 facti
332 1958 485 1996 fructus
511 1962 604 2005 erat,
625 1962 758 1995 tamen
783 1958 941 1995 mortali
963 1959 1297 1998 immortalitatem

104 2035 181 2059 non
199 2022 367 2059 arbitror
385 2035 467 2060 esse
486 2022 817 2060 contemnendam.

186 2087 314 2125 XLV..
378 2088 463 2125 115.
496 2087 718 2125 Recordare
743 2088 867 2138 igitur
888 2087 1013 2136 illum,
1043 2088 1099 2126 M.
1130 2088 1341 2137 Antoni,⁸⁰

102 2154 217 2200 diem,
257 2166 336 2204 quo
369 2153 607 2191 dictaturam
643 2153 861 2201 sustulisti‚·
899 2166 1000 2203 pone
1037 2158 1131 2192 ante
1167 2154 1299 2192 oculos

103 2219 295 2257 laetitiam
318 2222 476 2256 senatus
501 2218 713 2268 populique
737 2217 920 2265 Romani,
949 2218 1081 2254 confer
1108 2231 1198 2256 cum
1232 2217 1305 2256 hae
