1396 2436
135 95 192 133 liv
513 95 584 132 IN
585 94 728 132 TROD
737 94 775 132 U
773 93 869 132 ΟΤΙ
868 94 949 133 ON.

137 197 206 236 the
229 202 363 237 senate
388 212 438 237 on
464 199 567 250 Sept.
597 213 654 248 19,
675 200 775 236 from
795 198 922 236 which
943 198 1075 235 Cicero
1103 197 1199 247 kept
1224 209 1333 246 away

137 266 208 301 out
225 264 268 300 of
281 264 363 301 sear
379 264 439 300 for
462 264 523 301 his
547 262 675 310 life²1⁹‚
699 263 900 300 Antonius
918 262 1113 300 delivered
1131 275 1155 298 a
1172 261 1335 312 lengthy

137 329 299 375 oration,
318 329 360 365 in
378 328 507 366 which
526 328 624 365 with
642 327 837 371 merciless
855 327 1068 365 caiicature
1093 326 1143 364 he
1164 326 1256 364 held
1281 339 1335 377 up

138 391 304 430 Cicero's
322 393 489 430 conduct
506 393 601 430 both
619 406 662 430 as
680 406 704 430 a
728 405 820 430 111311
843 392 921 429 and
945 405 987 429 as
1013 405 1038 429 3
1063 391 1266 442 politician
1291 394 1335 429 to

137 457 377 508 unqualified
405 461 613 507 contempt.
673 457 807 495 Cicero
833 457 989 495 wanted
1015 457 1130 495 heart
1155 460 1198 494 to
1226 456 1334 506 reply

135 525 179 560 to
206 522 286 560 this
313 523 452 572 speech
480 524 531 572 by
558 523 664 559 word
691 523 736 559 of
758 523 892 560 mouth
903 535 914 570 3
942 523 1016 560 but
1042 522 1093 560 he
1118 525 1239 559 wrote
1265 521 1334 559 the

136 587 305 625 second
325 587 605 637 Philippicff,
628 586 755 624 which
774 587 954 624 however
972 587 1021 624 he
1040 587 1108 624 did
1127 590 1197 624 not
1215 586 1334 637 pluck

138 716 243 744 tamen
257 723 354 753 quam
364 713 500 753 periculi
514 713 619 744 minae
629 712 845 753 postulabant.
891 713 937 744 At
953 712 1008 744 illc
1025 713 1115 744 homo
1135 712 1292 745 vehemens
1305 717 1335 745 et

137 755 298 794 violentus,
317 756 371 797 (sui
385 756 469 787 hanc
485 756 737 788 consuetudinem
752 756 843 788 libere
857 755 984 788 dicendi
997 756 1182 795 excluderet,
1199 756 1332 788 inimici-

139 799 200 831 tias
222 799 302 830 mihi
330 799 539 838 denuntiavit,
571 799 676 831 adesse
700 799 737 831 in
757 803 900 831 senatum
929 799 1019 831 iussit
1041 810 1071 831 a.
1095 800 1128 831 d.
1153 808 1228 831 xm.
1251 799 1330 832 Kal.

140 843 291 875 Octobres.
337 843 412 883 Ipse
425 843 548 874 interea
560 842 773 884 septemdecim
792 843 857 875 dies
871 842 911 874 de
923 853 971 875 me
985 843 1020 874 in
1036 843 1201 875 Tiburtino
1214 843 1332 884 Scipio-

137 885 187 918 nis
201 886 418 918 declamitam't
430 886 516 918 sitim
530 897 680 928 quam-ens
690 899 704 923 ,·
718 886 795 918 haec
808 886 891 918 enim
904 886 932 918 ei
946 897 1044 918 causa
1057 896 1117 918 esse
1131 886 1335 918 declamandi

137 929 222 961 solet.
456 928 508 970 219)
531 930 598 962 Cic.
616 929 727 962 Cassio
743 930 797 972 <ad
811 930 889 962 fam.
907 938 968 961 ΧΠ.
987 940 1017 961 2.
1034 931 1050 969 5
1069 930 1098 970 1)
1159 929 1223 962 Sed
1243 929 1334 962 1101110

137 983 244 1005 amens
273 977 303 1005 et
327 973 499 1014 perditus..
506 973 622 1005 ‚caedis
649 973 779 1005 initium
807 973 931 1014 quaerit
959 973 1143 1014 nullamque
1172 973 1274 1005 aluum
1298 973 1335 1006 ob

138 1027 268 1049 causam
281 1027 330 1048 me
344 1021 503 1049 auctorem
511 1017 614 1058 fuisse
633 1017 776 1050 Caesaris
791 1016 998 1057 interficiendi
1017 1016 1208 1049 criminatum
1221 1017 1285 1048 nisi
1298 1021 1335 1049 ut

138 1060 174 1092 in
202 1071 250 1092 me
278 1060 419 1092 veterani
446 1060 642 1111 incitentur..
649 1060 718 1092 .Ita
742 1070 797 1091 nec
822 1060 942 1098 Pisoni,
968 1060 1023 1101 qui
1050 1060 1086 1091 in
1114 1070 1185 1092 eum
1209 1060 1335 1101 primus

138 1103 276 1136 iniectus
290 1109 342 1142 est,
359 1114 415 1136 nec
428 1103 516 1142 milti,
533 1103 588 1145 qui
606 1103 690 1136 idem
706 1103 857 1136 tricesimo
867 1109 940 1144 post
955 1103 1006 1135 die
1013 1103 1088 1144 feci,
1105 1114 1161 1136 nec
1175 1104 1216 1135 Ρ.
1232 1103 1333 1135 Servi

140 1147 191 1185 lw,
210 1147 265 1188 qui
293 1158 341 1179 me
359 1152 403 1179 est
427 1152 613 1186 consecutus,
640 1151 707 1179 tuto
726 1147 762 1178 in
780 1151 924 1179 senatum
942 1147 1046 1178 venire
1069 1147 1148 1179 licet.
1199 1146 1332 1179 Caedem

139 1190 222 1222 enim
235 1190 401 1231 yladiator
414 1191 539 1232 quaerit
553 1191 675 1231 eiusque
693 1190 822 1222 initium
836 1201 867 1222 a.
885 1190 917 1222 d.
934 1199 1008 1222 xm.
1024 1190 1103 1222 Kal.
1125 1190 1190 1223 Oct.
1209 1201 1231 1222 a
1244 1201 1291 1223 me
1304 1201 1335 1223 se

134 1234 305 1275 facturum
314 1234 444 1275 putavit
458 1238 519 1266 etc.
553 1234 651 1274 [Phil.
669 1242 718 1265 m.
735 1236 760 1273 5.
780 1234 846 1274 33.]
905 1233 941 1274 ['²“
962 1234 1032 1265 The
1047 1234 1166 1276 speech
1180 1245 1247 1266 was
1263 1235 1335 1266 first

139 1278 400 1310 communicated
414 1280 450 1309 to
465 1289 486 1309 a
499 1278 562 1309 few
581 1277 713 1316 friends,
731 1278 796 1309 and
816 1288 906 1309 some
923 1277 1113 1309 alterations
1134 1288 1218 1309 were
1238 1278 1334 1310 made

139 1321 175 1352 in
194 1322 221 1352 it
241 1322 286 1363 by
301 1321 358 1353 the
379 1321 493 1353 advice
517 1322 550 1352 of
573 1321 716 1352 Atticus.
763 1321 824 1352 See
846 1321 889 1352 ad
914 1322 989 1352 Att.
1007 1329 1063 1352 xv.
1088 1330 1136 1361 13.
1163 1322 1179 1359 5
1198 1331 1212 1352 1
1241 1321 1335 1359 (from

140 1365 279 1403 Puteoli,
306 1373 346 1405 25
365 1364 436 1396 Oct.
464 1364 538 1405 44):
562 1364 736 1396 orationem
759 1363 814 1396 tibi
835 1363 916 1396 misi.
968 1364 1040 1402 Eius
1066 1363 1286 1396 mistodiendae
1305 1369 1335 1397 et

138 1407 348 1448 proferendae
365 1408 535 1440 arbitrium
551 1412 649 1439 tuum.
675 1407 739 1439 Sed
750 1407 877 1449 quando
888 1407 982 1439 illum
997 1406 1088 1446 diem,
1107 1417 1177 1439 cwm
1193 1411 1228 1439 tu
1242 1407 1332 1440 eden-

140 1451 217 1483 dam
229 1454 381 1491 pute-32...
395 1452 412 1490 5
428 1461 466 1491 7:
485 1451 575 1483 Haec
593 1461 664 1483 cum
683 1450 852 1490 scm'berem,
871 1455 997 1482 tantum
1016 1450 1100 1492 quod
1120 1450 1336 1484 existimabam

140 1494 186 1526 ad
202 1499 229 1526 te
244 1494 417 1526 orationem
432 1504 492 1526 esse
510 1495 682 1535 perlatam.
729 1493 808 1533 Hui,
832 1505 928 1535 quam
947 1494 1045 1532 timeo,
1062 1493 1140 1535 quid
1161 1494 1336 1527 minimest

140 1538 198 1570 etsi
225 1538 304 1579 quid
326 1537 372 1570 ad
394 1548 450 1577 me,
482 1548 561 1579 quae
585 1548 651 1569 non
671 1537 714 1570 sit
735 1537 831 1579 foras
852 1537 1036 1578 proditura,
1064 1536 1128 1568 m‘si
1150 1547 1183 1569 re
1204 1538 1336 1578 publica

139 1581 342 1622 reciperata?
385 1581 435 1613 De
454 1592 514 1623 quo
534 1581 612 1622 quid
630 1591 758 1622 sperem,
775 1591 840 1612 non
857 1581 958 1612 audeo
974 1580 1112 1612 scribere.
1158 1580 1237 1612 ibid.
1261 1589 1332 1614 xv1.

145 1635 192 1657 11.
210 1626 226 1664 5
246 1636 257 1656 1
275 1635 342 1666 seq.
366 1625 462 1666 (from
484 1625 614 1656 Puteoli
644 1632 662 1664 5
683 1625 719 1656 N
721 1635 771 1656 ov
798 1636 846 1665 44,
870 1625 978 1666 partly
994 1624 1115 1665 quoted
1135 1624 1247 1663 below,
1269 1625 1286 1664 5
1303 1634 1333 1666 3.

140 1669 161 1700 l.
180 1669 199 1700 8
215 1669 284 1710 11.);
310 1669 360 1700 Tu
373 1679 443 1700 vero
465 1668 542 1719 leyes
562 1668 654 1700 Sexto
668 1668 790 1709 eiusque
809 1667 964 1699 iudicium
985 1667 1066 1699 milii
1074 1667 1254 1708 perscribes.
1280 1669 1335 1701 Εἷς

142 1713 210 1751 ἐμοὶ
223 1713 334 1753 μύριοι.
382 1712 494 1744 Caleni
515 1711 725 1743 interventum
748 1715 777 1743 et
802 1711 956 1743 Calvenae
980 1710 1106 1742 cwvebis.
1144 1711 1216 1749 52.
1244 1711 1336 1750 Quod

140 1755 262 1794 vereris,
279 1765 317 1786 ne
334 1756 507 1796 ἀδόλεσχος
521 1754 602 1786 milti
617 1759 672 1788 tu:
696 1754 765 1796 quis
784 1754 888 1786 minus
898 1753 1049 1793 1²...de
1063 1764 1111 1786 me
1125 1753 1281 1793 admones,
1300 1759 1336 1787 tu
1365 1767 1367 1769 ·

140 1809 211 1831 vero
240 1798 362 1830 etiamsi
389 1798 635 1840 reprehenderes,
666 1808 730 1830 non
753 1797 845 1829 modo
867 1797 970 1838 facile
994 1801 1133 1838 paterer,
1164 1797 1218 1829 sed
1240 1797 1335 1831 ett'aevm

141 1842 278 1875 laetarer
285 1855 301 1880 ,·
345 1842 459 1883 quippe
468 1855 483 1879 ;
530 1852 600 1874 cum
635 1841 673 1873 in
706 1841 940 1882 reprehensione
975 1845 1019 1873 est
1050 1840 1228 1881 prudentia
1263 1852 1335 1874 cum

141 1887 290 1925 εὐμενείᾳ.
336 1885 394 1917 Ita
419 1886 547 1917 libenter
568 1895 606 1917 ea
627 1884 793 1925 corriyam,
811 1895 889 1925 quae
909 1894 931 1916 a
952 1888 979 1916 te
1000 1883 1224 1916 aninmdversa
1248 1890 1332 1918 sunt.

141 1929 287 1961 Eodem
308 1929 407 1967 iure,
433 1940 507 1970 quo
530 1929 737 1960 Rubriana
765 1927 881 1968 potius,
905 1938 1001 1968 quam
1023 1938 1098 1969 quo
1128 1927 1333 1969 Scipionis

142 1973 195 2015 (cf.
227 1973 301 2004 infr.
333 1973 349 2011 5
378 1972 471 2013 103);
507 1976 537 2004 et
557 1971 596 2003 de
622 1971 768 2003 laudibus
797 1971 981 2003 Dolabellae
1009 1970 1144 2002 deruam
1173 1971 1335 2004 cumulum

141 2017 193 2056 (cf.
218 2017 234 2055 5
259 2015 341 2056 107).
386 2016 538 2047 Attamen
560 2019 605 2047 cst
627 2015 685 2047 isto
712 2014 777 2046 loco
800 2014 827 2055 (5
851 2014 902 2055 75)
926 2014 1016 2052 bella,
1041 2018 1078 2045 ut
1099 2013 1178 2045 mihi
1197 2014 1331 2055 videtur,

141 2060 287 2111 εἰρωνεία,
299 2059 383 2100 quod
392 2070 462 2090 eum
472 2063 519 2090 ter
528 2063 640 2090 contra
654 2058 730 2090 cives
739 2058 773 2090 in
785 2057 859 2089 acie.
885 2057 980 2089 Illud
993 2057 1089 2088 etiam
1098 2057 1191 2096 malo,
1203 2058 1288 2090 1nd1
1293 2069 1332 2101 g

140 2103 350 2135 nissimum
387 2106 451 2134 est
486 2103 590 2134 hunc
626 2102 776 2140 vivere,
816 2111 934 2142 quam:
971 2101 1066 2142 quid
1097 2100 1332 2143 indignius?

142 2147 169 2187 (5
183 2147 247 2186 83).
286 2147 303 2185 5
317 2155 374 2187 3..
382 2145 613 2187 ..Anagnini
629 2145 656 2186 (5
675 2143 746 2186 106)
760 2148 843 2183 sunt,
854 2144 996 2176 Mustela
1006 2145 1179 2185 ταξιάρχης
1194 2149 1223 2176 et
1237 2144 1332 2184 Laco,

140 2200 196 2231 qui.
189 2172 388 2230 plurimum
406 2189 488 2221 bibit.
535 2189 614 2220 ibid.
636 2199 683 2228 14.
700 2189 716 2226 5
733 2200 752 2228 4
770 2188 812 2219 he
829 2187 927 2229 again
945 2187 1068 2219 desires
1084 2190 1119 2219 to
1142 2187 1223 2219 hear
1244 2187 1334 2221 what

141 2233 261 2265 Sextus
275 2233 388 2264 thinks
404 2233 438 2264 of
451 2233 508 2264 the
522 2232 659 2273 speech:
684 2231 770 2263 Sexti
779 2230 933 2262 iudicium
942 2231 1104 2272 aspecta]
