1396 2436
83 124 272 173 sss-11]
381 115 688 160 EXISTIMATIO.
734 128 1030 169 NE...QU[DEM.
1246 120 1293 159 67

84 214 268 257 perniciose,
295 220 334 248 ut
356 226 421 248 non
446 227 621 258 numquam
647 217 765 250 Caesar
789 216 1019 249 desiderandus
1043 226 1103 248 esse
1130 215 1287 254 videatur,

0 250 23 297 ,ἷζ
82 259 186 300 facile
206 259 407 292 existimabis.
464 260 552 299 Quae
581 261 665 292 enim
697 261 816 294 Caesar
843 270 1018 301 numquam
1046 270 1143 301 neque
1165 259 1291 301 fecisset

89 312 185 343 neque
195 313 309 343 passus
323 307 405 341 esset,
423 313 460 335 ea
474 314 561 335 nune
576 314 612 335 ew
620 304 721 344 falsis
735 304 803 336 eius
818 303 1051 336 commentariis
1061 302 1286 344 proferuntur.

87 345 153 386 Eyo
167 350 274 378 autem
288 346 430 378 Antonio
438 346 642 387 facillimum
656 358 704 379 me
714 346 859 388 praebui.
906 346 1033 379 Etenim
1051 347 1115 385 ille,
1138 347 1289 388 quoniam

86 389 178 422 semel
191 389 323 421 indua-it
337 390 483 421 animum
496 390 559 422 sibi
574 390 667 422 licere
687 391 772 432 quod
790 391 888 428 vellet,
907 390 1035 431 fecisset
1055 390 1160 421 nihilo
1182 389 1289 422 minus

85 441 135 464 me
156 431 267 465 irwito.
315 433 380 474 [Cf.
398 434 475 465 ibid.
501 444 546 474 14.
568 436 583 474 ἓ
601 435 646 475 2.]

149 491 183 532 [l.
203 502 233 524 a.
278 491 364 525 exist.
415 493 452 524 ⁴1
473 503 594 534 eoepress
609 505 629 525 a
643 493 834 525 favourable
854 493 986 535 opinion
1008 493 1043 525 of
1069 492 1157 534 you.'
1213 493 1285 524 Ma-

0 528 17 563 ⁶⁴.
84 535 170 567 urob.
195 535 263 568 Sat.
290 545 327 568 Π.
353 548 382 576 4.
411 538 427 576 ξ
452 537 506 568 18:
540 536 694 568 Strabone
722 537 759 568 in
781 537 1000 568 adulationem
1031 535 1177 569 Caesaris
1205 537 1288 567 male

83 577 281 610 mssstimante
310 578 349 611 de
372 579 557 620 pervicacia
589 580 728 620 Catonis,
760 580 810 612 ait
836 580 952 622 (Caes.)
991 583 1050 611 etc.
1083 581 1171 612 ABR.
1234 580 1285 612 Cf.

85 621 222 654 emub.
241 623 283 654 ad
300 623 388 655 Suet.
408 623 497 665 Aug.
519 624 586 664 51.]

146 681 168 713 l.
185 679 216 713 6.
263 681 430 723 quendam.
478 682 540 714 See
559 685 638 714 note
662 693 705 714 on
719 693 749 724 p.
775 694 803 722 4.
821 683 842 714 1.
863 690 911 723 25.
960 682 1034 715 Sex.
1062 683 1203 720 Clodius,
1229 682 1286 714 the

83 724 252 758 notorious
279 725 437 757 ‘satelles’
462 726 498 757 of
519 726 556 757 P.
576 726 718 757 Clodius.
765 726 816 758 On
832 726 888 758 the
903 726 978 758 trial
993 726 1028 757 of
1049 726 1133 757 Milo
1149 726 1283 765 (Ascon.

83 778 208 810 argum.
238 768 280 800 ad
314 769 384 808 fin.)
408 769 450 801 he
475 780 543 801 was
558 770 776 801 -condemned
806 770 850 811 by
879 770 935 801 the
960 770 1014 800 lex
1038 770 1195 811 Pompeia
1220 769 1286 800 and

84 810 149 843 had
173 811 261 843 lived
287 811 378 854 eight
399 823 495 854 years
514 813 551 844 in
571 813 662 844 exile.
710 814 792 844 Ant.
810 813 846 844 in
861 813 916 844 the
935 813 1034 844 letter
1050 813 1125 844 here
1144 813 1285 844 referred

83 857 120 886 to
142 855 195 896 (ad
209 855 284 886 Att.
301 863 372 886 XIV.
394 864 441 895 13.
459 857 504 887 A.
522 857 538 895 ἓ
554 856 585 897 2)
608 867 684 898 says
699 857 734 887 of
754 856 804 887 his
826 857 943 887 recall:
969 867 991 887 a
1008 856 1141 888 Caesare
1151 856 1234 896 petii
1249 860 1286 887 ut

13 923 27 942 3
85 897 152 930 Sex.
171 897 321 930 Clodium
335 899 513 930 restitueret
522 911 537 936 ,·
558 899 738 939 impetravi.
787 900 870 930 Erat
894 899 977 930 mihi
999 899 1036 930 in
1054 899 1169 931 animo
1189 899 1285 930 etiam

85 944 153 973 twm,
173 941 219 973 sic
237 941 289 972 uti
303 941 444 982 beneficio
467 942 542 981 eius,
565 942 593 974 si
618 947 652 974 tu
672 943 871 974 concessisses.
897 943 960 983 [Of.
986 943 1028 974 ad
1051 943 1125 974 Att.
1154 951 1224 974 XIV.
1247 953 1285 982 14

14 1023 15 1026 Ἴ
83 985 149 1016 and
178 994 215 1026 19
239 985 326 1017 cited
352 986 456 1017 below
484 986 572 1027 (note
598 996 642 1017 on
668 988 750 1027 §34
769 997 798 1028 p.
824 997 870 1026 14.
887 986 907 1017 l.
930 985 1009 1026 31).]

149 1043 182 1087 [l.
199 1045 228 1076 8.
252 1044 444 1085 impetrasti.
469 1046 511 1077 ad
524 1047 597 1077 Att.
617 1054 685 1077 xlv.
711 1056 757 1088 19.
775 1047 791 1084 ἓ
806 1056 843 1077 2:
862 1045 1022 1076 Antonius
1037 1045 1081 1076 ad
1095 1055 1143 1076 me
1159 1049 1285 1076 tantum

83 1085 124 1120 de
146 1087 258 1120 moda
286 1088 457 1129 rescripsit,
488 1099 591 1120 meam
622 1089 782 1120 lenitatem
811 1093 840 1120 et
878 1089 1073 1120 clementiam
1093 1093 1122 1120 et
1140 1089 1201 1120 sibi
1225 1098 1285 1120 esse

83 1135 212 1173 yratwm
229 1135 259 1163 et
272 1131 356 1164 mihi
369 1133 529 1173 voluptati
543 1143 679 1173 masmae
688 1132 790 1173 fore]

147 1192 169 1223 l.
186 1201 215 1234 9.
263 1192 429 1230 audaciae,
446 1193 503 1224 the
517 1192 660 1224 reductio
675 1193 710 1223 of
725 1204 745 1224 a
759 1192 962 1224 condemned
976 1192 1130 1224 criminal.

147 1253 165 1291 ξ
185 1261 229 1283 ιο.
255 1252 276 1283 l.
299 1262 345 1284 η.
395 1251 541 1285 caesam
554 1253 626 1293 leye.
658 1261 679 1284 1.
699 1254 715 1292 ξ
732 1262 768 1293 3:
792 1262 894 1283 unwm
905 1252 1017 1290 aiebat,
1041 1263 1084 1284 sc.
1107 1263 1127 1284 a
1146 1252 1284 1284 Caesare

0 1278 35 1319 υἷ’
84 1295 275 1327 restitutum
289 1306 370 1328 esse.

147 1365 175 1386 ο.
191 1363 224 1387 v.
263 1355 298 1395 [1.
320 1356 367 1387 18.
415 1355 555 1388 alterwm.
577 1355 643 1396 ipse
669 1359 729 1388 ete.
781 1355 884 1395 ‘Quia
908 1356 1012 1397 magis
1035 1355 1070 1387 in
1092 1356 1190 1387 rebus
1217 1366 1283 1387 ver-

84 1397 210 1430 sabitur
223 1398 327 1430 oratio
341 1399 438 1430 mea.⁹
482 1400 642 1440 MANU'r]

147 1458 168 1490 l.
189 1467 239 1499 23.
278 1468 317 1490 m
331 1458 388 1490 ille
402 1458 539 1500 quidem,
556 1470 617 1490 nor
631 1459 688 1490 did
703 1459 744 1491 he
759 1462 847 1491 treat
861 1470 915 1490 me
930 1462 991 1490 etc.
1010 1459 1062 1499 [ne
1076 1458 1204 1499 quidem
1217 1459 1282 1490 and
1309 1485 1312 1494 ,

15 1491 38 1523 ³⁴⁹
85 1499 157 1533 οὐδὲ
170 1512 225 1533 are
239 1501 332 1533 often
346 1503 427 1533 used
442 1503 550 1534 where
565 1503 658 1534 there
680 1503 708 1534 is
730 1514 773 1534 no
793 1503 976 1544 gradation.
1023 1503 1066 1534 So
1087 1501 1153 1534 Cic.
1181 1502 1224 1534 N.
1238 1502 1279 1533 D.

85 1551 107 1576 1.
125 1546 142 1584 ξ
162 1555 236 1577 ¹10:
261 1545 338 1576 deus
358 1550 459 1577 vester
481 1546 568 1577 nihil
594 1556 710 1587 ayens:
737 1556 844 1586 expers
867 1545 998 1577 virtutis
1023 1545 1126 1586 iyitwr
1136 1558 1150 1581 ‚·
1171 1545 1222 1576 ita
1244 1555 1282 1577 ne

85 1586 191 1620 beaw
219 1588 356 1629 quidem.
394 1589 471 1620 ibid.
500 1591 516 1628 ξ
547 1599 623 1630 113:
657 1589 748 1621 doceo
778 1589 850 1621 deos
878 1594 993 1621 vestros
1021 1599 1081 1620 esse
1110 1588 1283 1628 voluptatis

85 1636 228 1672 aperte-s,
253 1631 303 1663 ita
327 1636 426 1663 vestro
451 1632 574 1664 iudicio
597 1643 636 1664 ne
663 1633 764 1664 beatos
785 1632 922 1674 quidem.
969 1633 1009 1663 cf.
1039 1632 1116 1663 ibid.
1143 1641 1178 1663 11.
1198 1634 1213 1671 ξ
1230 1633 1279 1671 87,

86 1681 136 1706 111.
151 1676 185 1714 ἐξ
201 1684 250 1716 ⁴23,
267 1685 318 1715 43,
335 1673 386 1714 68,
411 1679 490 1707 orat.
510 1678 526 1715 ξ
546 1686 614 1714 120,
632 1677 726 1707 Brut.
745 1679 760 1716 ἓ
781 1686 848 1719 199.
897 1676 981 1706 Plin.
1005 1686 1052 1716 ep.
1077 1683 1123 1706 VI.
1146 1683 1191 1715 15.
1211 1677 1226 1714 ἓ
1248 1686 1277 1706 1:

86 1716 245 1758 Mirificae
265 1718 314 1750 rei
331 1729 395 1750 non
415 1718 618 1759 interfuisti:
641 1730 679 1751 ne
701 1730 754 1758 eqo
777 1719 911 1760 quidem,
938 1722 1020 1760 ‘you
1037 1730 1121 1750 were
1135 1721 1196 1749 not
1209 1729 1279 1759 pre-

85 1764 167 1801 sent,
182 1772 243 1793 nor
256 1772 324 1793 was
339 1762 358 1793 I
373 1762 499 1793 either.’
543 1762 604 1794 See
619 1763 785 1803 Madvig's
800 1773 926 1794 exeurs.
948 1771 997 1793 111.
1023 1762 1064 1793 ad
1086 1762 1151 1793 Cic.
1168 1762 1209 1793 de
1223 1762 1278 1793 fin.

86 1814 115 1845 p.
134 1802 206 1842 816,
222 1804 326 1836 Halm
340 1815 383 1836 on
397 1805 497 1836 divin.
515 1805 550 1836 in
565 1806 656 1838 Caec.
677 1807 692 1845 ἓ
707 1805 776 1846 60.]

149 1862 168 1894 l.
197 1871 246 1903 25.
293 1863 343 1895 ita
365 1863 477 1904 factus
507 1868 558 1902 est,
582 1865 606 1896 i.
617 1874 642 1896 e.
667 1865 711 1906 by
738 1864 872 1896 Caesar's
902 1864 1024 1896 favour.
1074 1866 1088 1902 ἓ
1120 1871 1169 1906 79,
1194 1863 1278 1895 Intr.

88 1913 105 1950 ἓ
118 1915 167 1946 ‘²⁴-

149 1967 166 2004 ἓ
185 1975 231 1997 ιι.
257 1965 293 1997 Ρ.
312 1964 343 1997 6.
368 1966 400 2006 [l.
424 1976 448 1997 1.
499 1966 577 2005 Quis
597 1971 703 1998 autem
717 1969 778 1998 etc.
826 1966 878 1998 On
898 1966 954 1997 the
967 1966 1163 2007 interlacing
1177 1966 1212 1997 of
1225 1966 1280 1998 the

87 2008 246 2050 principal
267 2009 333 2041 and
355 2009 542 2051 dependent
563 2010 688 2041 clauses
711 2011 744 2040 N
747 2009 921 2050 {igelsbach
936 2020 1102 2051 compares
1117 2020 1146 2050 p.
1167 2010 1278 2047 Balbo,

87 2049 167 2090 561,
194 2051 261 2092 (the
277 2052 488 2084 subordinate
502 2053 611 2084 clause
633 2054 662 2084 is
682 2053 716 2084 in
738 2052 873 2093 italics):
897 2063 1003 2093 neque
1024 2063 1071 2084 me
1094 2052 1279 2084 dissensioni

86 2102 171 2126 meae
192 2094 350 2134 pristinae
373 2096 487 2137 putavi
504 2095 614 2136 potius
637 2096 795 2134 assentiri,
826 2106 923 2136 quam
939 2096 1157 2136 praesentibus
1178 2096 1226 2127 rei
1243 2106 1275 2136 p.

88 2137 278 2177 temporibus
292 2139 491 2179 convenire]

150 2196 171 2227 l.
202 2205 230 2236 3.
279 2196 493 2234 tibi—manet,
521 2197 565 2228 ‘is
579 2197 730 2229 reserved
740 2197 800 2237 for
814 2202 902 2238 you.'
939 2196 983 2229 So
1009 2198 1076 2229 also
1102 2200 1137 2228 in
1161 2197 1216 2228 Gr.
1245 2197 1281 2229 in

89 2236 154 2270 this
179 2239 298 2280 special
327 2250 420 2271 sense
447 2240 571 2281 (Eurip.
597 2251 647 2281 ap.
679 2241 767 2272 Stob.
796 2241 883 2271 Flor.
912 2249 979 2281 124„
1006 2241 1074 2282 29):
1100 2242 1165 2272 τοῖς
1184 2241 1281 2272 πᾶσιν

91 2280 283 2321 ἀνθρώποισι
305 2284 470 2314 κατθανεῖν
490 2285 584 2321 μένει.

1068 2339 1172 2375 5-2
