1396 2436
147 118 222 155 134
432 128 704 162 DICTATURA.
748 128 1037 160 CAPITOLIUM.
1169 126 1224 169 [36
1239 127 1279 160 91
1295 126 1337 159 92

144 230 184 263 53
201 220 324 261 (v‘vhere
338 220 382 253 he
397 221 579 253 translates
595 223 711 254 tabula
732 221 776 262 by
792 221 907 262 στήλη,
925 222 992 253 and
1009 231 1086 262 says
1101 220 1178 252 that
1193 221 1238 252 all
1255 219 1339 252 such

143 264 343 296 ordinances
366 274 450 296 were
474 265 642 305 engraved
664 275 710 296 on
731 265 850 306 pillars
872 267 907 296 of
929 265 1051 306 brass).
1074 263 1142 297 Cic.
1162 274 1215 305 ap.
1234 264 1338 295 Dion.

144 317 220 340 va.
238 318 290 348 23.
337 307 449 345 Plaut.
466 308 606 340 trinum.
627 319 718 352 1039.
764 309 826 340 Ov.
842 318 889 340 m.
903 318 1038 352 191—2
1053 307 1175 340 Heins-
1190 307 1326 348 Burin-J

208 367 231 397 1.
258 376 309 398 20.
354 366 564 406 immwnitate,
592 368 744 410 properly
769 379 812 399 an
838 369 1024 409 exemption
1052 367 1137 399 from
1160 371 1253 399 taxes
1276 368 1341 398 and

144 409 264 484 231:pr
250 420 398 468 services
415 410 493 442 then
509 411 684 459 generally,
702 423 723 442 a.
737 411 894 453 privilege
910 411 1048 453 granted
1068 414 1104 444 to
1120 410 1291 478 proviuces
1305 421 1342 442 or

209 508 244 548 [l.
264 518 312 540 αι.
361 508 548 541 dictaturae.
583 511 599 549 g
623 517 693 549 115.
744 509 828 540 Phil.
853 517 875 540 1.
899 511 959 549 §3
973 519 981 540 t
1017 507 1234 546 Dictatwram,
1262 517 1341 548 quae

144 550 211 582 iam
223 550 288 582 m'm
300 551 405 592 reyiae
415 551 580 602 potestatis
594 552 760 590 obsederat,
772 551 927 593 funditate
946 562 983 583 ex
1002 562 1036 583 re
1052 551 1184 592 publica
1201 550 1337 588 sustulit,

146 594 183 626 de
197 605 262 635 qua
274 605 312 626 ne
325 595 492 627 sententias
510 595 634 636 quidem
649 595 811 632 diaeimus;
831 595 986 635 scriptum
1004 599 1130 626 senatus
1151 594 1336 632 consulem,

145 637 229 678 quod
251 638 327 678 fieri
355 639 453 677 vellet,
482 639 603 678 attulit,
635 650 695 680 quo
721 638 853 670 recitato
879 638 1102 670 auctoritatem
1126 637 1191 669 eius
1219 647 1339 669 summo

144 681 251 712 studio
265 681 364 713 secuti
377 693 494 720 smnus,
511 681 596 723 eique
611 681 814 723 amplissimis
828 682 927 713 verbis
937 692 998 722 per
1016 685 1143 713 senatus
1163 680 1339 712 cmaeultmn

144 724 269 764 qratias
286 725 413 765 ερὶηιιιε.
459 727 531 765 §42
563 725 636 757 Luce
657 725 815 767 quaedam
836 725 1005 757 videbam»-
1027 724 1143 763 oblata,
1165 734 1230 755 mm
1247 723 1339 755 modo

145 778 247 808 remeo,
264 768 318 800 sed
332 768 427 800 etzam
440 769 532 809 regni
549 768 658 801 timore
670 767 802 807 sublato,
818 778 1031 809 magnumque
1041 767 1164 809 piqnua
1185 767 1224 798 ab
1242 777 1274 799 eo
1291 767 1339 799 rei

142 811 288 851 publicae
312 811 434 850 datum,
462 822 493 844 se
519 812 652 844 liberam
682 811 839 844 civitatem
867 822 927 844 esse
955 811 1039 850 velle,
1072 821 1144 843 cum
1172 810 1338 842 dietatem

145 865 264 893 nornen,
293 854 377 896 quod
401 866 490 896 saepe
514 855 634 888 iustum
657 855 782 896 fuisset,
806 859 939 896 propter
959 859 1132 895 perpetuae
1159 853 1339 886 dictatwrae

144 902 293 930 recentem
307 898 491 930 memoriam
498 898 655 940 funditus
668 909 705 931 ex
718 909 752 931 re
763 898 894 939 publica
907 898 1089 930 mutuasset.
1124 897 1173 930 Of,
1190 897 1234 929 ib.
1252 899 1269 937 ἓ
1284 906 1335 937 32.

145 941 231 972 —In
250 942 307 973 the
326 953 406 984 year
425 951 457 974 Β.
469 950 497 974 c.
523 952 562 973 22
584 942 641 974 the
661 942 735 974 title
759 952 826 974 was
853 942 974 974 offered
1000 945 1037 973 to
1060 941 1242 982 Augustus,
1263 940 1338 972 who

144 985 287 1026 rejected
304 985 332 1017 it
353 985 434 1017 with
454 986 601 1028 seeming
619 986 741 1018 horror.
782 985 881 1027 (Suet.
900 994 951 1026 52,
968 984 1055 1017 Vell.
1071 992 1108 1016 Π.
1126 985 1176 1027 89.
1194 985 1211 1023 ἐ
1226 993 1255 1025 5,
1271 983 1337 1016 Dio

144 1035 211 1059 mv.
234 1028 269 1069 ι).
310 1029 519 1070 Damnum]

208 1083 241 1124 [l.
263 1093 311 1123 24.
359 1083 426 1116 eius
447 1087 507 1116 etc.
541 1084 610 1116 cod.
629 1084 708 1116 Vat.
754 1083 824 1116 ‘eiu
846 1094 943 1116 omen
963 1082 1103 1115 nomen’
1125 1085 1187 1116 etc.
1230 1082 1335 1116 Halm

143 1126 224 1158 with
242 1127 366 1159 Muret.
391 1128 477 1159 ‘eius
495 1138 591 1159 omne
613 1138 734 1159 nomen
751 1130 885 1169 propter
905 1127 1063 1169 proximi'
1083 1129 1143 1159 etc.
1185 1127 1332 1168 Madvig,

142 1170 244 1211 praef.
261 1171 310 1202 ed.
331 1181 367 1211 4:
396 1173 502 1203 ‘omne
521 1181 634 1203 nomen
653 1171 760 1203 tollere
776 1181 877 1213 prave
896 1171 1018 1202 dicitur
1036 1181 1095 1212 pro
1113 1181 1160 1208 eo,
1177 1170 1265 1212 quod
1284 1173 1335 1202 est

69 1235 73 1242 .
138 1213 294 1254 funditus
314 1224 426 1246 nomen
448 1214 564 1253 tollere,
589 1225 665 1246 etun
686 1225 788 1246 unum
809 1225 930 1246 nomen
952 1214 1059 1246 nullas
1081 1216 1192 1255 partes
1213 1213 1334 1245 habeat

143 1256 332 1297 (rectissime
348 1258 436 1289 enim
450 1258 613 1290 diceretur
628 1268 716 1289 omne
735 1257 893 1289 Latinum
912 1267 1025 1289 nomam
1045 1256 1333 1296 tollere)...senten-

142 1300 190 1331 tia
214 1311 316 1341 prava
342 1305 414 1340 est;
442 1312 548 1343 neque
574 1301 664 1333 enim
689 1301 856 1333 Antonius
882 1301 975 1342 reg-ni
998 1310 1119 1332 nomen
1146 1300 1330 1338 sustulerat,

142 1343 229 1384 quod
243 1344 315 1375 tolli
330 1355 410 1386 opus
425 1355 492 1376 non
507 1348 587 1384 erat,
604 1345 661 1376 sed
675 1344 867 1382 dictaturae,
881 1355 965 1386 quae
979 1354 1084 1385 nuper
1096 1343 1212 1382 fuerat,
1228 1354 1334 1394 neque

142 1390 274 1428 propter
296 1388 435 1428 proximi
459 1388 628 1419 dictatoris
651 1391 778 1420 metum
800 1388 835 1419 id
858 1387 982 1419 fecerat
1002 1387 1070 1429 (qui
1091 1389 1220 1438 poterat
1244 1387 1333 1418 enim

141 1440 213 1461 mor
214 1433 290 1462 tuus
305 1431 408 1462 metui
418 1431 451 1470 2),
469 1431 526 1462 sed
540 1434 674 1473 propter
687 1442 735 1470 ea,
760 1442 843 1473 quae
865 1431 901 1462 in
922 1433 1089 1472 posterum
1110 1429 1219 1461 timeri
1241 1433 1330 1471 pote-

141 1476 240 1506 rant..
302 1475 460 1515 Apparet,
478 1474 541 1506 cic.
566 1475 627 1506 hoc
645 1474 773 1513 dixisse,
796 1474 981 1506 Antonium
1000 1473 1075 1505 odio
1092 1473 1184 1515 regni
1204 1483 1243 1504 eo
1259 1483 1332 1514 pro-

141 1527 289 1557 gressum
312 1528 389 1556 esse,
412 1521 451 1549 ut
469 1517 505 1548 id
526 1518 627 1549 etiam
646 1528 767 1549 nomen
789 1517 1002 1559 (dictaturae),
1028 1516 1090 1548 sub
1109 1527 1175 1558 quo
1195 1527 1332 1558 regnum

140 1559 242 1592 latere
264 1564 383 1601 posset,
406 1561 557 1602 quodque
580 1561 610 1592 ei
633 1561 817 1602 proximum
838 1564 932 1599 esset,
954 1560 1102 1598 tolleret;
1127 1559 1240 1601 itaque
1259 1570 1329 1591 sen-

140 1604 246 1635 tentia
266 1604 454 1636 huiusmodi
475 1604 542 1635 fere
562 1604 643 1635 fuit:
668 1608 706 1635 ut
723 1608 856 1644 propter
876 1603 942 1635 eius
965 1602 1080 1644 (regni)
1098 1607 1214 1634 metum
1235 1603 1331 1635 etiam

136 1657 182 1686 po
182 1646 321 1678 oximum
342 1647 510 1679 dictatoris
531 1657 644 1679 nomen
668 1647 796 1685 tolleres,
820 1647 874 1679 vel
896 1646 1027 1678 brevius
1047 1647 1278 1688 comprehensa
1297 1649 1331 1678 et

78 1712 81 1716 -
141 1691 283 1724 acutius:
308 1695 346 1722 ut
359 1690 456 1722 etiam
466 1690 654 1731 proximum
673 1689 841 1722 dictatoris
858 1694 975 1733 metum
994 1690 1123 1728 tolleres,
1140 1689 1203 1721 hoc
1217 1693 1276 1728 est,
1292 1693 1331 1721 ut

140 1743 270 1765 caveres
294 1734 403 1772 etiam,
429 1745 471 1766 ne
492 1734 635 1766 dictator
655 1733 800 1775 posthac,
825 1733 894 1775 reg-i
915 1733 1091 1775 proximus,
1114 1733 1237 1764 nedum
1257 1743 1328 1775 reg-

139 1787 219 1807 num
238 1777 354 1818 ipsum,
371 1777 474 1809 metui
494 1781 613 1819 posset.
659 1777 725 1809 Sed
745 1777 862 1818 quibus
884 1777 991 1809 verbis
1014 1777 1078 1808 Cic.
1105 1786 1182 1808 usus
1203 1776 1258 1815 sit,
1276 1787 1329 1808 ex-

139 1822 253 1860 putare
267 1831 416 1862 nequeo3
438 1824 570 1852 tantum
585 1820 688 1859 video,
708 1820 894 1863 pvoximum
915 1830 983 1852 non
1005 1830 1076 1851 esse
1098 1819 1140 1851 ad
1161 1818 1329 1852 dictatoris

140 1873 258 1895 nomen
273 1865 593 1896 accommodandum.
599 1863 624 1906 ²]
949 1879 953 1882 “

203 1919 285 1960 ἓ9α.
319 1916 424 1959 [127.
469 1922 535 1949 aut.
584 1917 952 1959 Madvig,§453.n.2.
992 1916 1307 1958 ἱιιέι.ἓιιι...117]

202 1977 223 2008 l.
242 1988 291 2019 29.
340 1981 402 2009 toto
420 1976 588 2018 Capitolio,
604 1977 624 2008 i.
638 1988 663 2008 e.
682 1977 718 2008 in
731 1977 796 2008 and
811 1977 912 2008 about
927 1976 983 2007 the
994 1976 1114 2017 temple
1129 1976 1165 2007 of
1178 1975 1328 2018 Iuppiter

139 2020 351 2062 Capitolinus.
399 2021 495 2052 Laws
519 2021 584 2052 and
605 2020 698 2052 other
720 2020 845 2051 tabulae
869 2031 954 2051 were
977 2019 1093 2060 posted
1115 2030 1180 2060 esp.
1204 2019 1240 2050 in
1261 2019 1326 2050 and

139 2074 217 2096 near
230 2065 377 2106 temples.
410 2064 474 2104 [cf.
491 2064 575 2096 Phil.
593 2072 615 2095 1.
634 2065 651 2103 ἓ
666 2062 780 2102 26,111.
799 2065 815 2102 ἓ
832 2073 873 2103 30
889 2062 1022 2104 (quoted
1037 2062 1141 2094 above
1155 2063 1230 2101 01ιὲ
1245 2061 1325 2103 35)]

203 2118 236 2159 [L
256 2128 306 2159 30.
352 2117 579 2150 immunitates.
619 2118 700 2159 §97.
718 2117 739 2149 l.
759 2117 828 2158 αα]

203 2173 238 2212 [l.
260 2182 308 2211 31-
357 2181 421 2200 'non
437 2170 513 2210 iam,
532 2170 588 2200 the
606 2180 720 2211 proper
736 2170 811 2201 Lat.
832 2171 907 2201 sor‘
917 2182 960 2202 no
976 2172 1127 2212 longer.']

203 2223 397 2264 [yn-evincite
413 2225 494 2256 totis.
542 2225 624 2257 Phil.
644 2233 692 2256 111.
711 2227 727 2264 ἓ
745 2233 802 2263 30:
834 2225 915 2266 quid
928 2226 982 2257 hic
995 2226 1095 2258 victor
1109 2237 1173 2258 mm
1187 2226 1323 2266 audebit,

119 2314 121 2317 ι
138 2267 193 2309 qui
206 2268 333 2300 nullam
347 2267 480 2309 adeptus
494 2268 661 2300 victoriam
677 2272 770 2300 tanta
783 2269 898 2301 scelera
910 2274 984 2309 post
1001 2270 1144 2302 Caesam
1159 2270 1323 2302 interimam
