<?xml version="1.0" encoding="UTF-8"?>
<!DOCTYPE html PUBLIC "-//W3C//DTD XHTML 1.0 Transitional//EN"
    "http://www.w3.org/TR/xhtml1/DTD/xhtml1-transitional.dtd">
<html xmlns="http://www.w3.org/1999/xhtml" xml:lang="en" lang="en">
 <head>
  <title>
</title>
<meta http-equiv="Content-Type" content="text/html;charset=utf-8" />
  <meta name='ocr-system' content='tesseract 3.04.00' />
  <meta name='ocr-capabilities' content='ocr_page ocr_carea ocr_par ocr_line ocrx_word'/>
</head>
<body>
  <div class='ocr_page' id='page_1' title='image "./secondphilippic00cice_0152.png"; bbox 0 0 1396 2436; ppageno 0'>
   <div class='ocr_carea' id='block_1_1' title="bbox 147 85 1350 136">
    <p class='ocr_par' dir='ltr' id='par_1_1' title="bbox 147 85 1350 136">
     <span class='ocr_line' id='line_1_1' title="bbox 147 85 1350 136; baseline 0 -9"><span class='ocrx_word' id='word_1_1' title='bbox 147 85 195 122; x_wconf 88' lang='lat'><em>92</em></span> <span class='ocrx_word' id='word_1_2' title='bbox 238 95 618 129; x_wconf 75' lang='lat' dir='ltr'><em>HoMnms-Mono</em></span> <span class='ocrx_word' id='word_1_3' title='bbox 634 96 851 128; x_wconf 69' lang='lat' dir='ltr'><em>Eumne.</em></span> <span class='ocrx_word' id='word_1_4' title='bbox 878 95 1178 129; x_wconf 76' lang='lat' dir='ltr'>SESTERTIUM.</span> <span class='ocrx_word' id='word_1_5' title='bbox 1195 94 1350 136; x_wconf 76' lang='lat'>[1⁶3940</span> 
     </span>
    </p>
   </div>
   <div class='ocr_carea' id='block_1_2' title="bbox 150 179 1351 310">
    <p class='ocr_par' dir='ltr' id='par_1_2' title="bbox 150 179 1351 310">
     <span class='ocr_line' id='line_1_2' title="bbox 213 179 1351 234; baseline 0.002 -20"><span class='ocrx_word' id='word_1_6' title='bbox 213 181 248 222; x_wconf 78' lang='lat'><em>[1.</em></span> <span class='ocrx_word' id='word_1_7' title='bbox 267 191 298 232; x_wconf 84' lang='lat'><em>9.</em></span> <span class='ocrx_word' id='word_1_8' title='bbox 347 181 473 224; x_wconf 72' lang='lat' dir='ltr'><em>quidem</em></span> <span class='ocrx_word' id='word_1_9' title='bbox 497 181 568 219; x_wconf 81' lang='lat' dir='ltr'><em>illa,</em></span> <span class='ocrx_word' id='word_1_10' title='bbox 596 186 656 232; x_wconf 76' lang='lat' dir='ltr'><em>not</em></span> <span class='ocrx_word' id='word_1_11' title='bbox 678 181 741 231; x_wconf 65' lang='lat' dir='ltr'><em>illa</em></span> <span class='ocrx_word' id='word_1_12' title='bbox 765 181 899 222; x_wconf 78' lang='lat' dir='ltr'><em>quidem,</em></span> <span class='ocrx_word' id='word_1_13' title='bbox 923 192 959 213; x_wconf 79' lang='lat' dir='ltr'><em>as</em></span> <span class='ocrx_word' id='word_1_14' title='bbox 979 182 1073 213; x_wconf 79' lang='lat' dir='ltr'><em>usual</em></span> <span class='ocrx_word' id='word_1_15' title='bbox 1093 181 1121 222; x_wconf 66' lang='grc' dir='ltr'><em>(ἕ</em></span> <span class='ocrx_word' id='word_1_16' title='bbox 1139 179 1171 214; x_wconf 87' lang='grc'><em>6.</em></span> <span class='ocrx_word' id='word_1_17' title='bbox 1189 182 1212 215; x_wconf 89' lang='lat'><em>1.</em></span> <span class='ocrx_word' id='word_1_18' title='bbox 1236 193 1273 234; x_wconf 77' lang='lat'><em>19</em></span> <span class='ocrx_word' id='word_1_19' title='bbox 1287 183 1351 225; x_wconf 84' lang='lat' dir='ltr'><em>n.);</em></span> 
     </span>
     <span class='ocr_line' id='line_1_3' title="bbox 150 225 1351 310; baseline 0.002 -53"><span class='ocrx_word' id='word_1_20' title='bbox 150 225 325 310; x_wconf 49' lang='lat' dir='ltr'><em>fflvssla.</em></span> <span class='ocrx_word' id='word_1_21' title='bbox 337 229 445 257; x_wconf 71' lang='lat' dir='ltr'><em>castr-a</em></span> <span class='ocrx_word' id='word_1_22' title='bbox 458 235 640 257; x_wconf 77' lang='lat' dir='ltr'><em>necessarlo</em></span> <span class='ocrx_word' id='word_1_23' title='bbox 663 225 840 256; x_wconf 75' lang='lat' dir='ltr'><em>dicendum</em></span> <span class='ocrx_word' id='word_1_24' title='bbox 861 228 932 256; x_wconf 77' lang='lat' dir='ltr'><em>erat</em></span> <span class='ocrx_word' id='word_1_25' title='bbox 951 235 1027 256; x_wconf 85' lang='lat' dir='ltr'><em>cum</em></span> <span class='ocrx_word' id='word_1_26' title='bbox 1049 225 1351 260; x_wconf 77' lang='lat' dir='ltr'><em>demonstratione.&#39;</em></span> 
     </span>
    </p>
   </div>
   <div class='ocr_carea' id='block_1_3' title="bbox 147 327 1350 458">
    <p class='ocr_par' dir='ltr' id='par_1_3' title="bbox 147 327 1350 458">
     <span class='ocr_line' id='line_1_4' title="bbox 211 327 1347 371; baseline 0.001 -10"><span class='ocrx_word' id='word_1_27' title='bbox 211 329 234 361; x_wconf 92' lang='grc'><em>1.</em></span> <span class='ocrx_word' id='word_1_28' title='bbox 258 339 296 361; x_wconf 89' lang='grc' dir='ltr'><em>1ο</em></span> <span class='ocrx_word' id='word_1_29' title='bbox 310 339 378 371; x_wconf 67' lang='lat' dir='ltr'><em>seq.</em></span> <span class='ocrx_word' id='word_1_30' title='bbox 426 332 690 367; x_wconf 63' lang='lat' dir='ltr'><em>tamen-tamn,</em></span> <span class='ocrx_word' id='word_1_31' title='bbox 716 327 754 366; x_wconf 80' lang='lat' dir='ltr'><em>si,</em></span> <span class='ocrx_word' id='word_1_32' title='bbox 781 331 845 361; x_wconf 83' lang='lat' dir='ltr'><em>etc.</em></span> <span class='ocrx_word' id='word_1_33' title='bbox 892 328 941 361; x_wconf 81' lang='lat' dir='ltr'><em>Cf.</em></span> <span class='ocrx_word' id='word_1_34' title='bbox 972 339 1003 370; x_wconf 90' lang='lat' dir='ltr'><em>p.</em></span> <span class='ocrx_word' id='word_1_35' title='bbox 1035 328 1131 361; x_wconf 83' lang='lat' dir='ltr'><em>Rosc.</em></span> <span class='ocrx_word' id='word_1_36' title='bbox 1156 330 1233 362; x_wconf 90' lang='lat' dir='ltr'><em>Am.</em></span> <span class='ocrx_word' id='word_1_37' title='bbox 1258 330 1347 370; x_wconf 78' lang='lat'>§552</span> 
     </span>
     <span class='ocr_line' id='line_1_5' title="bbox 148 372 1346 414; baseline 0.001 -10"><span class='ocrx_word' id='word_1_38' title='bbox 148 373 302 404; x_wconf 73' lang='lat' dir='ltr'><em>Innocens</em></span> <span class='ocrx_word' id='word_1_39' title='bbox 325 377 369 404; x_wconf 90' lang='lat' dir='ltr'><em>est</em></span> <span class='ocrx_word' id='word_1_40' title='bbox 393 372 564 414; x_wconf 76' lang='lat' dir='ltr'><em>quispiam,</em></span> <span class='ocrx_word' id='word_1_41' title='bbox 591 382 701 403; x_wconf 83' lang='lat' dir='ltr'><em>verwm</em></span> <span class='ocrx_word' id='word_1_42' title='bbox 725 375 848 411; x_wconf 80' lang='lat' dir='ltr'><em>tamen,</em></span> <span class='ocrx_word' id='word_1_43' title='bbox 873 382 1065 413; x_wconf 80' lang='lat' dir='ltr'><em>quamquam</em></span> <span class='ocrx_word' id='word_1_44' title='bbox 1088 372 1171 404; x_wconf 80' lang='lat' dir='ltr'><em>abest</em></span> <span class='ocrx_word' id='word_1_45' title='bbox 1195 383 1217 404; x_wconf 93' lang='lat' dir='ltr'><em>a</em></span> <span class='ocrx_word' id='word_1_46' title='bbox 1240 373 1346 414; x_wconf 80' lang='lat' dir='ltr'><em>culpa,</em></span> 
     </span>
     <span class='ocr_line' id='line_1_6' title="bbox 147 415 1350 458; baseline 0.001 -10"><span class='ocrx_word' id='word_1_47' title='bbox 147 416 321 456; x_wconf 67' lang='lat' dir='ltr'><em>suspitione</em></span> <span class='ocrx_word' id='word_1_48' title='bbox 345 419 458 448; x_wconf 76' lang='lat' dir='ltr'><em>tamen</em></span> <span class='ocrx_word' id='word_1_49' title='bbox 483 426 548 447; x_wconf 88' lang='lat' dir='ltr'><em>non</em></span> <span class='ocrx_word' id='word_1_50' title='bbox 570 419 677 448; x_wconf 85' lang='lat' dir='ltr'><em>caret.-</em></span> <span class='ocrx_word' id='word_1_51' title='bbox 701 415 826 447; x_wconf 81' lang='lat' dir='ltr'><em>tametsi</em></span> <span class='ocrx_word' id='word_1_52' title='bbox 847 415 996 447; x_wconf 82' lang='lat' dir='ltr'><em>miserum</em></span> <span class='ocrx_word' id='word_1_53' title='bbox 1017 419 1073 456; x_wconf 79' lang='lat' dir='ltr'><em>est,</em></span> <span class='ocrx_word' id='word_1_54' title='bbox 1101 419 1215 448; x_wconf 77' lang='lat' dir='ltr'><em>tamen</em></span> <span class='ocrx_word' id='word_1_55' title='bbox 1240 416 1270 448; x_wconf 82' lang='lat' dir='ltr'><em>ci</em></span> <span class='ocrx_word' id='word_1_56' title='bbox 1295 416 1350 458; x_wconf 73' lang='lat' dir='ltr'><em>qui</em></span> 
     </span>
    </p>
   </div>
   <div class='ocr_carea' id='block_1_4' title="bbox 148 458 914 501">
    <p class='ocr_par' dir='ltr' id='par_1_4' title="bbox 148 458 914 501">
     <span class='ocr_line' id='line_1_7' title="bbox 148 458 914 501; baseline 0.001 -11"><span class='ocrx_word' id='word_1_57' title='bbox 148 459 233 492; x_wconf 78' lang='lat' dir='ltr'><em>hunc</em></span> <span class='ocrx_word' id='word_1_58' title='bbox 246 464 368 492; x_wconf 76' lang='lat' dir='ltr'><em>accuset</em></span> <span class='ocrx_word' id='word_1_59' title='bbox 377 469 506 500; x_wconf 78' lang='lat' dir='ltr'><em>possum</em></span> <span class='ocrx_word' id='word_1_60' title='bbox 520 459 630 501; x_wconf 77' lang='lat' dir='ltr'><em>aliquo</em></span> <span class='ocrx_word' id='word_1_61' title='bbox 645 458 736 491; x_wconf 80' lang='lat' dir='ltr'><em>modo</em></span> <span class='ocrx_word' id='word_1_62' title='bbox 750 458 914 500; x_wconf 71' lang='lat' dir='ltr'><em>iynoscere.</em></span> 
     </span>
    </p>
   </div>
   <div class='ocr_carea' id='block_1_5' title="bbox 147 523 1349 741">
    <p class='ocr_par' dir='ltr' id='par_1_5' title="bbox 147 523 1349 741">
     <span class='ocr_line' id='line_1_8' title="bbox 211 523 1349 568; baseline 0.002 -12"><span class='ocrx_word' id='word_1_63' title='bbox 211 523 499 566; x_wconf 75' lang='lat' dir='ltr'><em>[homines—modo</em></span> <span class='ocrx_word' id='word_1_64' title='bbox 514 524 662 558; x_wconf 76' lang='lat' dir='ltr'><em>homines.</em></span> <span class='ocrx_word' id='word_1_65' title='bbox 709 526 768 568; x_wconf 77' lang='lat' dir='ltr'><em>An</em></span> <span class='ocrx_word' id='word_1_66' title='bbox 782 526 930 567; x_wconf 76' lang='lat' dir='ltr'><strong>example</strong></span> <span class='ocrx_word' id='word_1_67' title='bbox 944 526 978 557; x_wconf 88' lang='lat' dir='ltr'><em>of</em></span> <span class='ocrx_word' id='word_1_68' title='bbox 996 525 1054 558; x_wconf 83' lang='lat' dir='ltr'><em>the</em></span> <span class='ocrx_word' id='word_1_69' title='bbox 1069 526 1174 568; x_wconf 84' lang='lat' dir='ltr'><em>figure</em></span> <span class='ocrx_word' id='word_1_70' title='bbox 1186 525 1349 567; x_wconf 76' lang='lat' dir='ltr'><em>diaphora</em></span> 
     </span>
     <span class='ocr_line' id='line_1_9' title="bbox 149 568 1349 610; baseline 0.002 -10"><span class='ocrx_word' id='word_1_71' title='bbox 149 568 264 610; x_wconf 85' lang='lat' dir='ltr'><em>(Rutil.</em></span> <span class='ocrx_word' id='word_1_72' title='bbox 299 569 384 610; x_wconf 90' lang='lat' dir='ltr'><em>Lup.</em></span> <span class='ocrx_word' id='word_1_73' title='bbox 418 578 441 601; x_wconf 87' lang='lat'><em>1.</em></span> <span class='ocrx_word' id='word_1_74' title='bbox 469 570 486 608; x_wconf 62' lang='grc' dir='ltr'><strong>ἓ</strong></span> <span class='ocrx_word' id='word_1_75' title='bbox 514 568 579 610; x_wconf 84' lang='lat'>12):</span> <span class='ocrx_word' id='word_1_76' title='bbox 616 579 687 601; x_wconf 78' lang='lat' dir='ltr'><em>cum</em></span> <span class='ocrx_word' id='word_1_77' title='bbox 711 569 837 601; x_wconf 77' lang='lat' dir='ltr'><em>verlnmn</em></span> <span class='ocrx_word' id='word_1_78' title='bbox 857 569 1010 601; x_wconf 83' lang='lat' dir='ltr'><em>iteratum</em></span> <span class='ocrx_word' id='word_1_79' title='bbox 1033 569 1136 601; x_wconf 86' lang='lat' dir='ltr'><em>aliam</em></span> <span class='ocrx_word' id='word_1_80' title='bbox 1163 570 1349 602; x_wconf 77' lang='lat' dir='ltr'><em>sententiam</em></span> 
     </span>
     <span class='ocr_line' id='line_1_10' title="bbox 147 611 1343 653; baseline 0.002 -9"><span class='ocrx_word' id='word_1_81' title='bbox 147 611 316 653; x_wconf 51' lang='lat' dir='ltr'><em>siqnificass</em></span> <span class='ocrx_word' id='word_1_82' title='bbox 341 622 380 644; x_wconf 82' lang='lat' dir='ltr'><em>ac</em></span> <span class='ocrx_word' id='word_1_83' title='bbox 403 612 598 653; x_wconf 70' lang='lat' dir='ltr'><em>siqnifi&#39;cavit</em></span> <span class='ocrx_word' id='word_1_84' title='bbox 614 612 724 653; x_wconf 77' lang='lat' dir='ltr'><em>primo</em></span> <span class='ocrx_word' id='word_1_85' title='bbox 751 612 881 645; x_wconf 76' lang='lat' dir='ltr'><em>dictum.</em></span> <span class='ocrx_word' id='word_1_86' title='bbox 929 612 975 644; x_wconf 83' lang='lat' dir='ltr'><em>Id</em></span> <span class='ocrx_word' id='word_1_87' title='bbox 1003 617 1048 645; x_wconf 90' lang='lat' dir='ltr'><em>est</em></span> <span class='ocrx_word' id='word_1_88' title='bbox 1073 612 1298 646; x_wconf 80' lang='lat' dir='ltr'><em>huiusmodi:.</em></span> <span class='ocrx_word' id='word_1_89' title='bbox 1312 637 1320 646; x_wconf 87' lang='lat'><em>.</em></span> <span class='ocrx_word' id='word_1_90' title='bbox 1333 637 1343 646; x_wconf 91' lang='lat'><em>.</em></span> 
     </span>
     <span class='ocr_line' id='line_1_11' title="bbox 152 656 1346 698; baseline 0.001 -11"><span class='ocrx_word' id='word_1_91' title='bbox 152 656 262 688; x_wconf 82' lang='lat' dir='ltr'><em>‘cuius</em></span> <span class='ocrx_word' id='word_1_92' title='bbox 276 666 451 688; x_wconf 76' lang='lat' dir='ltr'>aermnae</span> <span class='ocrx_word' id='word_1_93' title='bbox 466 656 616 698; x_wconf 80' lang='lat' dir='ltr'><em>quemvis</em></span> <span class='ocrx_word' id='word_1_94' title='bbox 631 656 732 687; x_wconf 81' lang='lat' dir='ltr'><em>etiam</em></span> <span class='ocrx_word' id='word_1_95' title='bbox 746 656 924 688; x_wconf 69' lang='lat' dir='ltr'><em>extrarium</em></span> <span class='ocrx_word' id='word_1_96' title='bbox 941 656 1115 696; x_wconf 86' lang='lat' dir='ltr'><em>hominem,</em></span> <span class='ocrx_word' id='word_1_97' title='bbox 1133 657 1229 688; x_wconf 90' lang='lat' dir='ltr'><em>modo</em></span> <span class='ocrx_word' id='word_1_98' title='bbox 1243 656 1346 688; x_wconf 90' lang='lat' dir='ltr'><em>homi-</em></span> 
     </span>
     <span class='ocr_line' id='line_1_12' title="bbox 147 699 981 741; baseline 0.001 -11"><span class='ocrx_word' id='word_1_99' title='bbox 147 709 230 738; x_wconf 87' lang='lat' dir='ltr'><em>nem,</em></span> <span class='ocrx_word' id='word_1_100' title='bbox 248 710 452 732; x_wconf 87' lang='lat' dir='ltr'><em>commovere</em></span> <span class='ocrx_word' id='word_1_101' title='bbox 463 699 622 741; x_wconf 78' lang='lat' dir='ltr'><em>possent.’</em></span> <span class='ocrx_word' id='word_1_102' title='bbox 638 700 745 731; x_wconf 83' lang='lat' dir='ltr'><strong>where</strong></span> <span class='ocrx_word' id='word_1_103' title='bbox 759 710 813 731; x_wconf 81' lang='lat' dir='ltr'><em>see</em></span> <span class='ocrx_word' id='word_1_104' title='bbox 829 700 981 740; x_wconf 66' lang='lat' dir='ltr'><em>Ruhnk]</em></span> 
     </span>
    </p>
   </div>
   <div class='ocr_carea' id='block_1_6' title="bbox 147 758 1346 843">
    <p class='ocr_par' dir='ltr' id='par_1_6' title="bbox 147 758 1346 843">
     <span class='ocr_line' id='line_1_13' title="bbox 225 758 1346 800; baseline 0.003 -10"><span class='ocrx_word' id='word_1_105' title='bbox 225 760 241 798; x_wconf 69' lang='grc' dir='ltr'><strong>ἓ</strong></span> <span class='ocrx_word' id='word_1_106' title='bbox 270 769 321 799; x_wconf 89' lang='lat'><em>40.</em></span> <span class='ocrx_word' id='word_1_107' title='bbox 352 760 386 800; x_wconf 93' lang='grc'><em>[1.</em></span> <span class='ocrx_word' id='word_1_108' title='bbox 425 769 474 800; x_wconf 85' lang='lat'><em>13.</em></span> <span class='ocrx_word' id='word_1_109' title='bbox 532 759 766 792; x_wconf 81' lang='lat' dir='ltr'><em>maestitiam..</em></span> <span class='ocrx_word' id='word_1_110' title='bbox 782 783 791 792; x_wconf 91' lang='lat'><em>.</em></span> <span class='ocrx_word' id='word_1_111' title='bbox 805 759 916 791; x_wconf 66' lang='lat' dir='ltr'><em>iot-mn.</em></span> <span class='ocrx_word' id='word_1_112' title='bbox 973 759 1061 792; x_wconf 80' lang='lat' dir='ltr'><em>Plut.</em></span> <span class='ocrx_word' id='word_1_113' title='bbox 1085 758 1162 792; x_wconf 60' lang='lat' dir='ltr'><em>‘Oia</em></span> <span class='ocrx_word' id='word_1_114' title='bbox 1199 760 1248 800; x_wconf 84' lang='lat'><em>38,</em></span> <span class='ocrx_word' id='word_1_115' title='bbox 1279 761 1346 793; x_wconf 75' lang='lat' dir='ltr'><em>also</em></span> 
     </span>
     <span class='ocr_line' id='line_1_14' title="bbox 147 803 401 843; baseline 0.004 -9"><span class='ocrx_word' id='word_1_116' title='bbox 147 803 270 835; x_wconf 79' lang='lat' dir='ltr'><em>blames</em></span> <span class='ocrx_word' id='word_1_117' title='bbox 293 803 401 843; x_wconf 65' lang='lat' dir='ltr'><em>both]</em></span> 
     </span>
    </p>
   </div>
   <div class='ocr_carea' id='block_1_7' title="bbox 142 860 1347 1428">
    <p class='ocr_par' dir='ltr' id='par_1_7' title="bbox 142 860 1347 1428">
     <span class='ocr_line' id='line_1_15' title="bbox 210 860 1342 903; baseline 0.003 -10"><span class='ocrx_word' id='word_1_118' title='bbox 210 862 245 903; x_wconf 86' lang='lat' dir='ltr'><em>[L</em></span> <span class='ocrx_word' id='word_1_119' title='bbox 269 869 317 902; x_wconf 87' lang='lat'><em>15.</em></span> <span class='ocrx_word' id='word_1_120' title='bbox 366 860 595 893; x_wconf 77' lang='lat' dir='ltr'><em>Hereditatem.</em></span> <span class='ocrx_word' id='word_1_121' title='bbox 637 861 686 894; x_wconf 80' lang='lat' dir='ltr'><em>Cf.</em></span> <span class='ocrx_word' id='word_1_122' title='bbox 706 862 788 901; x_wconf 66' lang='lat'><em>541.</em></span> <span class='ocrx_word' id='word_1_123' title='bbox 807 862 828 894; x_wconf 89' lang='lat' dir='ltr'><em>l.</em></span> <span class='ocrx_word' id='word_1_124' title='bbox 849 874 879 901; x_wconf 90' lang='lat'><em>4.</em></span> <span class='ocrx_word' id='word_1_125' title='bbox 928 863 962 893; x_wconf 94' lang='lat' dir='ltr'>A</span> <span class='ocrx_word' id='word_1_126' title='bbox 977 862 1101 894; x_wconf 84' lang='lat' dir='ltr'><em>similar</em></span> <span class='ocrx_word' id='word_1_127' title='bbox 1115 865 1212 895; x_wconf 81' lang='lat' dir='ltr'><em>taunt</em></span> <span class='ocrx_word' id='word_1_128' title='bbox 1226 863 1262 895; x_wconf 87' lang='lat' dir='ltr'><em>in</em></span> <span class='ocrx_word' id='word_1_129' title='bbox 1276 863 1342 896; x_wconf 81' lang='lat' dir='ltr'><em>Cic.</em></span> 
     </span>
     <span class='ocr_line' id='line_1_16' title="bbox 145 904 1347 947; baseline 0.001 -10"><span class='ocrx_word' id='word_1_130' title='bbox 145 906 188 937; x_wconf 78' lang='lat' dir='ltr'><em>ad</em></span> <span class='ocrx_word' id='word_1_131' title='bbox 216 907 291 937; x_wconf 87' lang='lat' dir='ltr'><em>Att.</em></span> <span class='ocrx_word' id='word_1_132' title='bbox 324 913 348 938; x_wconf 85' lang='grc'><em>1.</em></span> <span class='ocrx_word' id='word_1_133' title='bbox 381 904 428 937; x_wconf 89' lang='grc'><em>16.</em></span> <span class='ocrx_word' id='word_1_134' title='bbox 448 906 465 944; x_wconf 70' lang='grc' dir='ltr'>ἓ</span> <span class='ocrx_word' id='word_1_135' title='bbox 488 915 543 937; x_wconf 89' lang='lat'><em>10:</em></span> <span class='ocrx_word' id='word_1_136' title='bbox 572 905 701 946; x_wconf 70' lang='lat' dir='ltr'><em>‘Reyem</em></span> <span class='ocrx_word' id='word_1_137' title='bbox 725 905 890 946; x_wconf 62' lang='lat' dir='ltr'><em>appellas)</em></span> <span class='ocrx_word' id='word_1_138' title='bbox 919 906 1063 947; x_wconf 82' lang='lat' dir='ltr'><em>inquam,</em></span> <span class='ocrx_word' id='word_1_139' title='bbox 1097 910 1184 938; x_wconf 82' lang='lat' dir='ltr'><em>‘cum</em></span> <span class='ocrx_word' id='word_1_140' title='bbox 1209 906 1276 938; x_wconf 70' lang='lat' dir='ltr'><em>Rex</em></span> <span class='ocrx_word' id='word_1_141' title='bbox 1298 906 1347 938; x_wconf 86' lang='lat' dir='ltr'><em>tui</em></span> 
     </span>
     <span class='ocr_line' id='line_1_17' title="bbox 144 948 1347 990; baseline 0.001 -9"><span class='ocrx_word' id='word_1_142' title='bbox 144 949 331 981; x_wconf 70' lang='lat' dir='ltr'><em>mentionem</em></span> <span class='ocrx_word' id='word_1_143' title='bbox 358 949 486 980; x_wconf 85' lang='lat' dir='ltr'><em>nullam</em></span> <span class='ocrx_word' id='word_1_144' title='bbox 508 948 625 990; x_wconf 84' lang='lat' dir='ltr'><em>feccrit</em></span> <span class='ocrx_word' id='word_1_145' title='bbox 635 948 658 980; x_wconf 66' lang='grc' dir='ltr'><em>Γ</em></span> <span class='ocrx_word' id='word_1_146' title='bbox 703 949 792 981; x_wconf 87' lang='lat' dir='ltr'><em>Plut.</em></span> <span class='ocrx_word' id='word_1_147' title='bbox 826 949 952 990; x_wconf 87' lang='lat' dir='ltr'><strong>(Pomp.</strong></span> <span class='ocrx_word' id='word_1_148' title='bbox 992 960 1004 980; x_wconf 88' lang='grc' dir='ltr'>ῐ</span> <span class='ocrx_word' id='word_1_149' title='bbox 1011 949 1042 990; x_wconf 87' lang='grc'><em>5)</em></span> <span class='ocrx_word' id='word_1_150' title='bbox 1071 950 1261 982; x_wconf 73' lang='lat' dir='ltr'><em>commende</em></span> <span class='ocrx_word' id='word_1_151' title='bbox 1289 950 1347 982; x_wconf 83' lang='lat' dir='ltr'><em>the</em></span> 
     </span>
     <span class='ocr_line' id='line_1_18' title="bbox 145 992 1347 1035; baseline 0.001 -11"><span class='ocrx_word' id='word_1_152' title='bbox 145 993 292 1035; x_wconf 78' lang='lat' dir='ltr'><em>patience</em></span> <span class='ocrx_word' id='word_1_153' title='bbox 320 993 433 1024; x_wconf 84' lang='lat' dir='ltr'><em>shewn</em></span> <span class='ocrx_word' id='word_1_154' title='bbox 461 992 506 1035; x_wconf 86' lang='lat' dir='ltr'><em>by</em></span> <span class='ocrx_word' id='word_1_155' title='bbox 531 992 708 1034; x_wconf 80' lang='lat' dir='ltr'><em>Pompeius</em></span> <span class='ocrx_word' id='word_1_156' title='bbox 733 992 769 1024; x_wconf 87' lang='lat' dir='ltr'><em>in</em></span> <span class='ocrx_word' id='word_1_157' title='bbox 793 996 853 1024; x_wconf 88' lang='lat' dir='ltr'><em>not</em></span> <span class='ocrx_word' id='word_1_158' title='bbox 875 993 1042 1034; x_wconf 83' lang='lat' dir='ltr'><em>resenting</em></span> <span class='ocrx_word' id='word_1_159' title='bbox 1066 993 1123 1025; x_wconf 87' lang='lat' dir='ltr'><em>the</em></span> <span class='ocrx_word' id='word_1_160' title='bbox 1146 994 1266 1025; x_wconf 76' lang='lat' dir='ltr'><em>affront</em></span> <span class='ocrx_word' id='word_1_161' title='bbox 1286 997 1347 1035; x_wconf 82' lang='lat' dir='ltr'><em>put</em></span> 
     </span>
     <span class='ocr_line' id='line_1_19' title="bbox 144 1036 1341 1078; baseline 0.001 -10"><span class='ocrx_word' id='word_1_162' title='bbox 144 1047 234 1078; x_wconf 90' lang='lat' dir='ltr'><em>upon</em></span> <span class='ocrx_word' id='word_1_163' title='bbox 247 1036 316 1068; x_wconf 85' lang='lat' dir='ltr'><em>him</em></span> <span class='ocrx_word' id='word_1_164' title='bbox 336 1037 381 1078; x_wconf 88' lang='lat' dir='ltr'><em>by</em></span> <span class='ocrx_word' id='word_1_165' title='bbox 396 1036 495 1074; x_wconf 71' lang='lat' dir='ltr'><strong>Sulla,</strong></span> <span class='ocrx_word' id='word_1_166' title='bbox 517 1036 591 1068; x_wconf 87' lang='lat' dir='ltr'><em>who</em></span> <span class='ocrx_word' id='word_1_167' title='bbox 613 1036 729 1077; x_wconf 79' lang='lat' dir='ltr'><em>passed</em></span> <span class='ocrx_word' id='word_1_168' title='bbox 743 1036 812 1067; x_wconf 89' lang='lat' dir='ltr'><em>him</em></span> <span class='ocrx_word' id='word_1_169' title='bbox 827 1047 904 1068; x_wconf 86' lang='lat' dir='ltr'><em>over</em></span> <span class='ocrx_word' id='word_1_170' title='bbox 916 1037 952 1067; x_wconf 89' lang='lat' dir='ltr'><em>in</em></span> <span class='ocrx_word' id='word_1_171' title='bbox 966 1036 1017 1068; x_wconf 84' lang='lat' dir='ltr'><em>his</em></span> <span class='ocrx_word' id='word_1_172' title='bbox 1032 1037 1108 1069; x_wconf 81' lang='lat' dir='ltr'><em>will.</em></span> <span class='ocrx_word' id='word_1_173' title='bbox 1156 1037 1232 1069; x_wconf 72' lang='lat' dir='ltr'><em>Tac.</em></span> <span class='ocrx_word' id='word_1_174' title='bbox 1251 1037 1341 1070; x_wconf 85' lang='lat' dir='ltr'><em>Ann.</em></span> 
     </span>
     <span class='ocr_line' id='line_1_20' title="bbox 144 1079 1345 1121; baseline 0 -9"><span class='ocrx_word' id='word_1_175' title='bbox 144 1089 194 1112; x_wconf 93' lang='lat'><em>111.</em></span> <span class='ocrx_word' id='word_1_176' title='bbox 226 1079 284 1120; x_wconf 81' lang='lat'><em>76:</em></span> <span class='ocrx_word' id='word_1_177' title='bbox 310 1080 541 1111; x_wconf 66' lang='lat' dir='ltr'><em>Testamentum</em></span> <span class='ocrx_word' id='word_1_178' title='bbox 562 1079 630 1111; x_wconf 85' lang='lat' dir='ltr'><em>eius</em></span> <span class='ocrx_word' id='word_1_179' title='bbox 659 1079 706 1121; x_wconf 81' lang='lat' dir='ltr'><em>(of</em></span> <span class='ocrx_word' id='word_1_180' title='bbox 732 1079 845 1118; x_wconf 80' lang='lat' dir='ltr'><em>Junia,</em></span> <span class='ocrx_word' id='word_1_181' title='bbox 876 1080 973 1111; x_wconf 81' lang='lat' dir='ltr'><em>sister</em></span> <span class='ocrx_word' id='word_1_182' title='bbox 995 1080 1030 1112; x_wconf 83' lang='lat' dir='ltr'><em>of</em></span> <span class='ocrx_word' id='word_1_183' title='bbox 1055 1080 1103 1112; x_wconf 89' lang='lat' dir='ltr'><em>M.</em></span> <span class='ocrx_word' id='word_1_184' title='bbox 1128 1079 1262 1119; x_wconf 76' lang='lat' dir='ltr'><em>Brutus,</em></span> <span class='ocrx_word' id='word_1_185' title='bbox 1280 1081 1345 1112; x_wconf 86' lang='lat' dir='ltr'><em>and</em></span> 
     </span>
     <span class='ocr_line' id='line_1_21' title="bbox 144 1123 1346 1166; baseline 0.001 -11"><span class='ocrx_word' id='word_1_186' title='bbox 144 1125 260 1156; x_wconf 88' lang='lat' dir='ltr'><em>widow</em></span> <span class='ocrx_word' id='word_1_187' title='bbox 288 1123 323 1155; x_wconf 83' lang='lat' dir='ltr'><em>of</em></span> <span class='ocrx_word' id='word_1_188' title='bbox 350 1123 492 1164; x_wconf 80' lang='lat' dir='ltr'><em>Cassius)</em></span> <span class='ocrx_word' id='word_1_189' title='bbox 521 1123 622 1155; x_wconf 87' lang='lat' dir='ltr'><em>multo</em></span> <span class='ocrx_word' id='word_1_190' title='bbox 651 1123 742 1164; x_wconf 77' lang='lat' dir='ltr'><em>apud</em></span> <span class='ocrx_word' id='word_1_191' title='bbox 769 1123 899 1163; x_wconf 73' lang='lat' dir='ltr'><em>vulyum</em></span> <span class='ocrx_word' id='word_1_192' title='bbox 927 1133 1054 1155; x_wconf 83' lang='lat' dir='ltr'><em>rumore</em></span> <span class='ocrx_word' id='word_1_193' title='bbox 1076 1123 1174 1165; x_wconf 79' lang='lat' dir='ltr'><em>fuit,-</em></span> <span class='ocrx_word' id='word_1_194' title='bbox 1203 1123 1282 1166; x_wconf 71' lang='lat' dir='ltr'><em>quia</em></span> <span class='ocrx_word' id='word_1_195' title='bbox 1308 1123 1346 1156; x_wconf 79' lang='lat' dir='ltr'><em>in</em></span> 
     </span>
     <span class='ocr_line' id='line_1_22' title="bbox 143 1166 1343 1209; baseline 0 -9"><span class='ocrx_word' id='word_1_196' title='bbox 143 1167 268 1209; x_wconf 74' lang='lat' dir='ltr'><em>maym&#39;s</em></span> <span class='ocrx_word' id='word_1_197' title='bbox 281 1166 403 1208; x_wconf 80' lang='lat' dir='ltr'><em>opibus,</em></span> <span class='ocrx_word' id='word_1_198' title='bbox 417 1177 488 1199; x_wconf 81' lang='lat' dir='ltr'><em>cuan</em></span> <span class='ocrx_word' id='word_1_199' title='bbox 495 1166 600 1208; x_wconf 88' lang='lat' dir='ltr'><em>ferme</em></span> <span class='ocrx_word' id='word_1_200' title='bbox 609 1171 734 1198; x_wconf 76' lang='lat' dir='ltr'><em>cunctos</em></span> <span class='ocrx_word' id='word_1_201' title='bbox 743 1176 885 1207; x_wconf 77' lang='lat' dir='ltr'><em>proceres</em></span> <span class='ocrx_word' id='word_1_202' title='bbox 899 1176 969 1198; x_wconf 84' lang='lat' dir='ltr'><em>cwm</em></span> <span class='ocrx_word' id='word_1_203' title='bbox 983 1167 1100 1199; x_wconf 78' lang='lat' dir='ltr'><em>hmwre</em></span> <span class='ocrx_word' id='word_1_204' title='bbox 1113 1167 1343 1206; x_wconf 75' lang='lat' dir='ltr'><em>nominavisset,</em></span> 
     </span>
     <span class='ocr_line' id='line_1_23' title="bbox 145 1208 1340 1253; baseline -0.002 -8"><span class='ocrx_word' id='word_1_205' title='bbox 145 1212 312 1245; x_wconf 81' lang='lat' dir='ltr'><em>Gaesarem</em></span> <span class='ocrx_word' id='word_1_206' title='bbox 339 1210 454 1243; x_wconf 84' lang='lat' dir='ltr'><em>omisit.</em></span> <span class='ocrx_word' id='word_1_207' title='bbox 500 1210 584 1252; x_wconf 80' lang='lat' dir='ltr'><em>quod</em></span> <span class='ocrx_word' id='word_1_208' title='bbox 613 1208 750 1242; x_wconf 79' lang='lat' dir='ltr'><em>civiliter</em></span> <span class='ocrx_word' id='word_1_209' title='bbox 779 1214 946 1250; x_wconf 73' lang='lat' dir='ltr'><em>acceptwm.</em></span> <span class='ocrx_word' id='word_1_210' title='bbox 1009 1210 1059 1243; x_wconf 82' lang='lat' dir='ltr'><em>Cf.</em></span> <span class='ocrx_word' id='word_1_211' title='bbox 1093 1210 1158 1243; x_wconf 83' lang='lat' dir='ltr'><em>oio.</em></span> <span class='ocrx_word' id='word_1_212' title='bbox 1191 1221 1223 1253; x_wconf 89' lang='lat' dir='ltr'><em>p.</em></span> <span class='ocrx_word' id='word_1_213' title='bbox 1256 1210 1340 1243; x_wconf 79' lang='lat' dir='ltr'><em>Sest.</em></span> 
     </span>
     <span class='ocr_line' id='line_1_24' title="bbox 143 1254 1344 1296; baseline -0.001 -9"><span class='ocrx_word' id='word_1_214' title='bbox 143 1257 159 1295; x_wconf 67' lang='grc' dir='ltr'><strong>ξ</strong></span> <span class='ocrx_word' id='word_1_215' title='bbox 178 1266 247 1287; x_wconf 87' lang='lat'><em>111.</em></span> <span class='ocrx_word' id='word_1_216' title='bbox 294 1255 384 1286; x_wconf 84' lang='lat' dir='ltr'><em>ABR.</em></span> <span class='ocrx_word' id='word_1_217' title='bbox 425 1265 457 1296; x_wconf 93' lang='lat' dir='ltr'><em>p.</em></span> <span class='ocrx_word' id='word_1_218' title='bbox 482 1254 580 1285; x_wconf 90' lang='lat' dir='ltr'><em>domo</em></span> <span class='ocrx_word' id='word_1_219' title='bbox 595 1255 611 1293; x_wconf 66' lang='grc' dir='ltr'><strong>ἓ</strong></span> <span class='ocrx_word' id='word_1_220' title='bbox 626 1263 678 1295; x_wconf 84' lang='lat'><em>49.</em></span> <span class='ocrx_word' id='word_1_221' title='bbox 727 1254 762 1285; x_wconf 88' lang='lat' dir='ltr'><em>It</em></span> <span class='ocrx_word' id='word_1_222' title='bbox 782 1265 849 1285; x_wconf 83' lang='lat' dir='ltr'><em>was</em></span> <span class='ocrx_word' id='word_1_223' title='bbox 871 1254 940 1285; x_wconf 80' lang='lat' dir='ltr'><em>also</em></span> <span class='ocrx_word' id='word_1_224' title='bbox 960 1264 982 1286; x_wconf 76' lang='lat' dir='ltr'><strong>a</strong></span> <span class='ocrx_word' id='word_1_225' title='bbox 1002 1257 1096 1296; x_wconf 77' lang='lat' dir='ltr'><em>great</em></span> <span class='ocrx_word' id='word_1_226' title='bbox 1116 1254 1217 1295; x_wconf 78' lang='lat' dir='ltr'><em>slight</em></span> <span class='ocrx_word' id='word_1_227' title='bbox 1236 1257 1295 1286; x_wconf 83' lang='lat' dir='ltr'><em>not</em></span> <span class='ocrx_word' id='word_1_228' title='bbox 1309 1257 1344 1286; x_wconf 87' lang='lat' dir='ltr'><em>to</em></span> 
     </span>
     <span class='ocr_line' id='line_1_25' title="bbox 143 1297 1338 1340; baseline -0.001 -9"><span class='ocrx_word' id='word_1_229' title='bbox 143 1300 184 1331; x_wconf 90' lang='lat' dir='ltr'><em>be</em></span> <span class='ocrx_word' id='word_1_230' title='bbox 207 1298 304 1331; x_wconf 74' lang='lat' dir='ltr'><em>made</em></span> <span class='ocrx_word' id='word_1_231' title='bbox 325 1309 346 1330; x_wconf 84' lang='lat' dir='ltr'><em>a</em></span> <span class='ocrx_word' id='word_1_232' title='bbox 367 1298 529 1340; x_wconf 82' lang='lat' dir='ltr'><em>guardian</em></span> <span class='ocrx_word' id='word_1_233' title='bbox 551 1298 671 1339; x_wconf 83' lang='lat' dir='ltr'><em>(tutor),</em></span> <span class='ocrx_word' id='word_1_234' title='bbox 688 1309 719 1339; x_wconf 93' lang='lat' dir='ltr'><em>p.</em></span> <span class='ocrx_word' id='word_1_235' title='bbox 748 1297 832 1329; x_wconf 80' lang='lat' dir='ltr'><em>Sest.</em></span> <span class='ocrx_word' id='word_1_236' title='bbox 851 1297 872 1328; x_wconf 93' lang='lat'><em>1.</em></span> <span class='ocrx_word' id='word_1_237' title='bbox 900 1308 941 1334; x_wconf 84' lang='lat' dir='ltr'><em>e.‚</em></span> <span class='ocrx_word' id='word_1_238' title='bbox 964 1308 995 1339; x_wconf 90' lang='lat' dir='ltr'><em>p.</em></span> <span class='ocrx_word' id='word_1_239' title='bbox 1018 1297 1146 1329; x_wconf 84' lang='lat' dir='ltr'><em>Oluent.</em></span> <span class='ocrx_word' id='word_1_240' title='bbox 1171 1299 1203 1336; x_wconf 66' lang='grc' dir='ltr'><em>ἓξ</em></span> <span class='ocrx_word' id='word_1_241' title='bbox 1220 1307 1268 1337; x_wconf 83' lang='lat'><em>34,</em></span> <span class='ocrx_word' id='word_1_242' title='bbox 1286 1307 1338 1337; x_wconf 81' lang='lat'><em>4¹.</em></span> 
     </span>
     <span class='ocr_line' id='line_1_26' title="bbox 142 1340 1344 1382; baseline -0.002 -7"><span class='ocrx_word' id='word_1_243' title='bbox 142 1343 212 1375; x_wconf 83' lang='lat' dir='ltr'><em>&#39;I&#39;he</em></span> <span class='ocrx_word' id='word_1_244' title='bbox 236 1344 367 1374; x_wconf 77' lang='lat' dir='ltr'><em>nearest</em></span> <span class='ocrx_word' id='word_1_245' title='bbox 391 1342 555 1379; x_wconf 75' lang='lat' dir='ltr'><em>relations,</em></span> <span class='ocrx_word' id='word_1_246' title='bbox 572 1341 599 1372; x_wconf 79' lang='lat' dir='ltr'><em>if</em></span> <span class='ocrx_word' id='word_1_247' title='bbox 611 1345 671 1372; x_wconf 89' lang='lat' dir='ltr'><em>not</em></span> <span class='ocrx_word' id='word_1_248' title='bbox 696 1340 886 1372; x_wconf 76' lang='lat' dir='ltr'><em>mentioned</em></span> <span class='ocrx_word' id='word_1_249' title='bbox 906 1341 942 1372; x_wconf 89' lang='lat' dir='ltr'><em>in</em></span> <span class='ocrx_word' id='word_1_250' title='bbox 956 1352 977 1372; x_wconf 84' lang='lat' dir='ltr'>a</span> <span class='ocrx_word' id='word_1_251' title='bbox 990 1340 1065 1379; x_wconf 86' lang='lat' dir='ltr'><em>wiu,</em></span> <span class='ocrx_word' id='word_1_252' title='bbox 1089 1341 1185 1372; x_wconf 86' lang='lat' dir='ltr'><em>could</em></span> <span class='ocrx_word' id='word_1_253' title='bbox 1206 1341 1302 1382; x_wconf 75' lang='lat' dir='ltr'><em>bring</em></span> <span class='ocrx_word' id='word_1_254' title='bbox 1322 1352 1344 1373; x_wconf 83' lang='lat' dir='ltr'><strong>a</strong></span> 
     </span>
     <span class='ocr_line' id='line_1_27' title="bbox 143 1384 942 1428; baseline -0.003 -10"><span class='ocrx_word' id='word_1_255' title='bbox 143 1387 284 1428; x_wconf 75' lang='lat' dir='ltr'><em>querella</em></span> <span class='ocrx_word' id='word_1_256' title='bbox 298 1385 466 1426; x_wconf 60' lang='lat' dir='ltr'><em>inofficiosi,</em></span> <span class='ocrx_word' id='word_1_257' title='bbox 484 1385 550 1417; x_wconf 79' lang='lat' dir='ltr'><em>and</em></span> <span class='ocrx_word' id='word_1_258' title='bbox 565 1395 701 1426; x_wconf 89' lang='lat' dir='ltr'><em>procure</em></span> <span class='ocrx_word' id='word_1_259' title='bbox 714 1385 758 1416; x_wconf 83' lang='lat' dir='ltr'><em>its</em></span> <span class='ocrx_word' id='word_1_260' title='bbox 773 1384 942 1425; x_wconf 70' lang='lat' dir='ltr'><em>reversah]</em></span> 
     </span>
    </p>
   </div>
   <div class='ocr_carea' id='block_1_8' title="bbox 200 1451 662 1494">
    <p class='ocr_par' dir='ltr' id='par_1_8' title="bbox 200 1451 662 1494">
     <span class='ocr_line' id='line_1_28' title="bbox 200 1451 662 1494; baseline -0.006 -9"><span class='ocrx_word' id='word_1_261' title='bbox 200 1453 307 1494; x_wconf 83' lang='lat'><em>[1.17.</em></span> <span class='ocrx_word' id='word_1_262' title='bbox 356 1461 420 1493; x_wconf 72' lang='lat' dir='ltr'><em>qm.</em></span> <span class='ocrx_word' id='word_1_263' title='bbox 468 1451 530 1490; x_wconf 64' lang='lat' dir='ltr'><em>gs,</em></span> <span class='ocrx_word' id='word_1_264' title='bbox 550 1451 570 1483; x_wconf 95' lang='lat'><em>1.</em></span> <span class='ocrx_word' id='word_1_265' title='bbox 592 1451 662 1492; x_wconf 85' lang='lat'><em>24.]</em></span> 
     </span>
    </p>
   </div>
   <div class='ocr_carea' id='block_1_9' title="bbox 139 1517 1341 1951">
    <p class='ocr_par' dir='ltr' id='par_1_9' title="bbox 139 1517 1341 1951">
     <span class='ocr_line' id='line_1_29' title="bbox 206 1517 1339 1562; baseline 0 -11"><span class='ocrx_word' id='word_1_266' title='bbox 206 1521 242 1561; x_wconf 91' lang='lat'><em>[1.</em></span> <span class='ocrx_word' id='word_1_267' title='bbox 266 1519 314 1551; x_wconf 88' lang='lat'><em>18.</em></span> <span class='ocrx_word' id='word_1_268' title='bbox 361 1517 547 1550; x_wconf 75' lang='lat' dir='ltr'><em>sestertium.</em></span> <span class='ocrx_word' id='word_1_269' title='bbox 589 1518 659 1549; x_wconf 83' lang='lat' dir='ltr'><em>The</em></span> <span class='ocrx_word' id='word_1_270' title='bbox 673 1529 747 1559; x_wconf 88' lang='lat' dir='ltr'><em>gen.</em></span> <span class='ocrx_word' id='word_1_271' title='bbox 767 1518 849 1560; x_wconf 88' lang='lat' dir='ltr'><em>plur.</em></span> <span class='ocrx_word' id='word_1_272' title='bbox 870 1518 905 1549; x_wconf 87' lang='lat' dir='ltr'><em>of</em></span> <span class='ocrx_word' id='word_1_273' title='bbox 918 1529 1024 1550; x_wconf 87' lang='lat' dir='ltr'><em>nouns</em></span> <span class='ocrx_word' id='word_1_274' title='bbox 1039 1518 1198 1561; x_wconf 88' lang='lat' dir='ltr'><em>denoting</em></span> <span class='ocrx_word' id='word_1_275' title='bbox 1210 1529 1339 1562; x_wconf 63' lang='lat' dir='ltr'><em>money,</em></span> 
     </span>
     <span class='ocr_line' id='line_1_30' title="bbox 140 1561 1341 1606; baseline -0.001 -10"><span class='ocrx_word' id='word_1_276' title='bbox 140 1564 262 1606; x_wconf 82' lang='lat' dir='ltr'><em>weight</em></span> <span class='ocrx_word' id='word_1_277' title='bbox 276 1563 341 1595; x_wconf 84' lang='lat' dir='ltr'><em>and</em></span> <span class='ocrx_word' id='word_1_278' title='bbox 352 1573 508 1602; x_wconf 77' lang='lat' dir='ltr'><em>measure,</em></span> <span class='ocrx_word' id='word_1_279' title='bbox 524 1562 553 1593; x_wconf 86' lang='lat' dir='ltr'><em>is</em></span> <span class='ocrx_word' id='word_1_280' title='bbox 568 1561 753 1604; x_wconf 86' lang='lat' dir='ltr'><em>commonly</em></span> <span class='ocrx_word' id='word_1_281' title='bbox 767 1562 964 1593; x_wconf 86' lang='lat' dir='ltr'><em>oontraeted.</em></span> <span class='ocrx_word' id='word_1_282' title='bbox 984 1562 1132 1604; x_wconf 87' lang='lat' dir='ltr'><em>Madvig,</em></span> <span class='ocrx_word' id='word_1_283' title='bbox 1149 1564 1166 1602; x_wconf 69' lang='grc' dir='ltr'><strong>ἓ</strong></span> <span class='ocrx_word' id='word_1_284' title='bbox 1182 1570 1232 1603; x_wconf 88' lang='lat'><em>37.</em></span> <span class='ocrx_word' id='word_1_285' title='bbox 1248 1573 1280 1595; x_wconf 89' lang='lat' dir='ltr'><em>n.</em></span> <span class='ocrx_word' id='word_1_286' title='bbox 1300 1574 1341 1603; x_wconf 89' lang='lat'><em>4;</em></span> 
     </span>
     <span class='ocr_line' id='line_1_31' title="bbox 141 1605 1336 1649; baseline -0.001 -9"><span class='ocrx_word' id='word_1_287' title='bbox 141 1609 270 1649; x_wconf 87' lang='lat' dir='ltr'><em>Zumpt,</em></span> <span class='ocrx_word' id='word_1_288' title='bbox 289 1608 305 1645; x_wconf 73' lang='grc' dir='ltr'>ἓ</span> <span class='ocrx_word' id='word_1_289' title='bbox 321 1614 371 1646; x_wconf 84' lang='grc'><em>51.</em></span> <span class='ocrx_word' id='word_1_290' title='bbox 420 1606 464 1637; x_wconf 85' lang='lat' dir='ltr'><em>So</em></span> <span class='ocrx_word' id='word_1_291' title='bbox 487 1605 562 1637; x_wconf 79' lang='lat' dir='ltr'><em>infr.</em></span> <span class='ocrx_word' id='word_1_292' title='bbox 582 1606 614 1643; x_wconf 66' lang='grc' dir='ltr'><em>ἓξ</em></span> <span class='ocrx_word' id='word_1_293' title='bbox 630 1614 681 1644; x_wconf 86' lang='lat'><em>43,</em></span> <span class='ocrx_word' id='word_1_294' title='bbox 711 1615 788 1637; x_wconf 84' lang='lat'>101:</span> <span class='ocrx_word' id='word_1_295' title='bbox 812 1605 967 1646; x_wconf 73' lang='lat' dir='ltr'><em>iuqerwm.</em></span> <span class='ocrx_word' id='word_1_296' title='bbox 1016 1605 1114 1638; x_wconf 71' lang='lat' dir='ltr'><em>Varr.</em></span> <span class='ocrx_word' id='word_1_297' title='bbox 1146 1606 1185 1638; x_wconf 86' lang='lat' dir='ltr'><em>L.</em></span> <span class='ocrx_word' id='word_1_298' title='bbox 1206 1606 1244 1639; x_wconf 83' lang='lat' dir='ltr'><em>L.</em></span> <span class='ocrx_word' id='word_1_299' title='bbox 1263 1615 1336 1639; x_wconf 83' lang='lat' dir='ltr'>VIII.</span> 
     </span>
     <span class='ocr_line' id='line_1_32' title="bbox 141 1648 1338 1692; baseline -0.002 -9"><span class='ocrx_word' id='word_1_300' title='bbox 141 1654 157 1691; x_wconf 67' lang='grc' dir='ltr'><strong>ἓ</strong></span> <span class='ocrx_word' id='word_1_301' title='bbox 184 1660 241 1692; x_wconf 89' lang='lat'><em>71:</em></span> <span class='ocrx_word' id='word_1_302' title='bbox 266 1653 433 1692; x_wconf 72' lang='lat' dir='ltr'><em>quaerunt,</em></span> <span class='ocrx_word' id='word_1_303' title='bbox 457 1648 486 1680; x_wconf 86' lang='lat' dir='ltr'><em>si</em></span> <span class='ocrx_word' id='word_1_304' title='bbox 507 1649 550 1680; x_wconf 86' lang='lat' dir='ltr'><em>sit</em></span> <span class='ocrx_word' id='word_1_305' title='bbox 572 1648 736 1689; x_wconf 71' lang='lat' dir='ltr'><em>analoqia,</em></span> <span class='ocrx_word' id='word_1_306' title='bbox 750 1673 758 1681; x_wconf 92' lang='lat'><em>.</em></span> <span class='ocrx_word' id='word_1_307' title='bbox 775 1673 783 1680; x_wconf 91' lang='lat'><em>.</em></span> <span class='ocrx_word' id='word_1_308' title='bbox 799 1673 806 1680; x_wconf 94' lang='lat'><em>.</em></span> <span class='ocrx_word' id='word_1_309' title='bbox 820 1659 878 1679; x_wconf 88' lang='lat' dir='ltr'><em>cur</em></span> <span class='ocrx_word' id='word_1_310' title='bbox 902 1648 1035 1680; x_wconf 77' lang='lat' dir='ltr'><em>dicatur</em></span> <span class='ocrx_word' id='word_1_311' title='bbox 1052 1649 1141 1681; x_wconf 81' lang='lat' dir='ltr'><em>mille</em></span> <span class='ocrx_word' id='word_1_312' title='bbox 1159 1649 1338 1689; x_wconf 81' lang='lat' dir='ltr'><em>denarium,</em></span> 
     </span>
     <span class='ocr_line' id='line_1_33' title="bbox 140 1691 1339 1733; baseline -0.001 -7"><span class='ocrx_word' id='word_1_313' title='bbox 140 1706 205 1727; x_wconf 82' lang='lat' dir='ltr'><em>non</em></span> <span class='ocrx_word' id='word_1_314' title='bbox 233 1694 320 1725; x_wconf 88' lang='lat' dir='ltr'><em>mille</em></span> <span class='ocrx_word' id='word_1_315' title='bbox 349 1692 582 1725; x_wconf 69' lang='lat' dir='ltr'><em>denariorum?</em></span> <span class='ocrx_word' id='word_1_316' title='bbox 603 1697 648 1724; x_wconf 84' lang='lat' dir='ltr'><em>est</em></span> <span class='ocrx_word' id='word_1_317' title='bbox 676 1691 760 1724; x_wconf 86' lang='lat' dir='ltr'><em>enim</em></span> <span class='ocrx_word' id='word_1_318' title='bbox 789 1691 846 1722; x_wconf 78' lang='lat' dir='ltr'><em>hoc</em></span> <span class='ocrx_word' id='word_1_319' title='bbox 864 1692 1052 1724; x_wconf 74' lang='lat' dir='ltr'><em>,vocabulum</em></span> <span class='ocrx_word' id='word_1_320' title='bbox 1067 1693 1190 1733; x_wconf 76' lang='lat' dir='ltr'><em>fiyura,</em></span> <span class='ocrx_word' id='word_1_321' title='bbox 1213 1697 1251 1725; x_wconf 81' lang='lat' dir='ltr'><em>ut</em></span> <span class='ocrx_word' id='word_1_322' title='bbox 1278 1693 1339 1725; x_wconf 88' lang='lat' dir='ltr'><em>Va-</em></span> 
     </span>
     <span class='ocr_line' id='line_1_34' title="bbox 142 1735 1336 1777; baseline -0.003 -6"><span class='ocrx_word' id='word_1_323' title='bbox 142 1738 255 1777; x_wconf 85' lang='lat' dir='ltr'><em>tinius,</em></span> <span class='ocrx_word' id='word_1_324' title='bbox 283 1737 454 1775; x_wconf 82' lang='lat' dir='ltr'><em>Manilius,</em></span> <span class='ocrx_word' id='word_1_325' title='bbox 482 1735 659 1768; x_wconf 83' lang='lat' dir='ltr'><em>denarius:</em></span> <span class='ocrx_word' id='word_1_326' title='bbox 691 1735 776 1767; x_wconf 78' lang='lat' dir='ltr'><em>debet</em></span> <span class='ocrx_word' id='word_1_327' title='bbox 805 1735 909 1775; x_wconf 68' lang='lat' dir='ltr'><em>iyitur</em></span> <span class='ocrx_word' id='word_1_328' title='bbox 937 1735 1015 1775; x_wconf 84' lang='lat' dir='ltr'><em>dici,</em></span> <span class='ocrx_word' id='word_1_329' title='bbox 1048 1742 1085 1767; x_wconf 80' lang='lat' dir='ltr'><em>ut</em></span> <span class='ocrx_word' id='word_1_330' title='bbox 1122 1736 1336 1776; x_wconf 84' lang='lat' dir='ltr'><em>Vatiniorum,</em></span> 
     </span>
     <span class='ocr_line' id='line_1_35' title="bbox 140 1779 1340 1822; baseline -0.002 -8"><span class='ocrx_word' id='word_1_331' title='bbox 140 1781 367 1820; x_wconf 83' lang='lat' dir='ltr'><em>Maniliorum,</em></span> <span class='ocrx_word' id='word_1_332' title='bbox 394 1779 609 1812; x_wconf 76' lang='lat' dir='ltr'><em>denariorum.</em></span> <span class='ocrx_word' id='word_1_333' title='bbox 658 1779 724 1811; x_wconf 79' lang='lat' dir='ltr'><em>cic.</em></span> <span class='ocrx_word' id='word_1_334' title='bbox 754 1783 835 1810; x_wconf 83' lang='lat' dir='ltr'><em>orat.</em></span> <span class='ocrx_word' id='word_1_335' title='bbox 855 1780 871 1817; x_wconf 70' lang='grc' dir='ltr'><strong>ἓ</strong></span> <span class='ocrx_word' id='word_1_336' title='bbox 892 1786 966 1819; x_wconf 87' lang='lat'>157:</span> <span class='ocrx_word' id='word_1_337' title='bbox 993 1779 1076 1811; x_wconf 78' lang='lat' dir='ltr'><em>alias</em></span> <span class='ocrx_word' id='word_1_338' title='bbox 1097 1779 1147 1811; x_wconf 85' lang='lat' dir='ltr'><em>ita</em></span> <span class='ocrx_word' id='word_1_339' title='bbox 1170 1780 1281 1822; x_wconf 78' lang='lat' dir='ltr'><em>loquor</em></span> <span class='ocrx_word' id='word_1_340' title='bbox 1302 1785 1340 1812; x_wconf 82' lang='lat' dir='ltr'><em>ut</em></span> 
     </span>
     <span class='ocr_line' id='line_1_36' title="bbox 139 1822 1341 1863; baseline -0.002 -5"><span class='ocrx_word' id='word_1_341' title='bbox 139 1836 309 1858; x_wconf 81' lang='lat' dir='ltr'><em>concessum</em></span> <span class='ocrx_word' id='word_1_342' title='bbox 324 1829 378 1863; x_wconf 86' lang='lat' dir='ltr'><em>est,</em></span> <span class='ocrx_word' id='word_1_343' title='bbox 402 1828 439 1854; x_wconf 86' lang='lat' dir='ltr'><em>ut</em></span> <span class='ocrx_word' id='word_1_344' title='bbox 462 1823 519 1854; x_wconf 77' lang='lat' dir='ltr'><em>hoc</em></span> <span class='ocrx_word' id='word_1_345' title='bbox 535 1823 583 1854; x_wconf 76' lang='lat' dir='ltr'><em>vel</em></span> <span class='ocrx_word' id='word_1_346' title='bbox 609 1825 684 1863; x_wconf 81' lang='lat' dir='ltr'><em>‘pro</em></span> <span class='ocrx_word' id='word_1_347' title='bbox 700 1822 807 1854; x_wconf 88' lang='lat' dir='ltr'><em>deum&#39;</em></span> <span class='ocrx_word' id='word_1_348' title='bbox 833 1822 905 1854; x_wconf 83' lang='lat' dir='ltr'><em>dico</em></span> <span class='ocrx_word' id='word_1_349' title='bbox 920 1822 968 1854; x_wconf 74' lang='lat' dir='ltr'><em>rel</em></span> <span class='ocrx_word' id='word_1_350' title='bbox 994 1827 1070 1863; x_wconf 79' lang='lat' dir='ltr'><em>‘pro</em></span> <span class='ocrx_word' id='word_1_351' title='bbox 1084 1823 1242 1862; x_wconf 81' lang='lat' dir='ltr'><em>deorum,’</em></span> <span class='ocrx_word' id='word_1_352' title='bbox 1256 1824 1341 1856; x_wconf 62' lang='lat' dir='ltr'><em>alnis</em></span> 
     </span>
     <span class='ocr_line' id='line_1_37' title="bbox 139 1866 1338 1906; baseline -0.003 -5"><span class='ocrx_word' id='word_1_353' title='bbox 139 1874 177 1901; x_wconf 88' lang='lat' dir='ltr'><em>ut</em></span> <span class='ocrx_word' id='word_1_354' title='bbox 190 1879 302 1900; x_wconf 74' lang='lat' dir='ltr'><em>necesse</em></span> <span class='ocrx_word' id='word_1_355' title='bbox 324 1872 376 1906; x_wconf 86' lang='lat' dir='ltr'><em>est,</em></span> <span class='ocrx_word' id='word_1_356' title='bbox 398 1872 468 1898; x_wconf 85' lang='lat' dir='ltr'><em>cum</em></span> <span class='ocrx_word' id='word_1_357' title='bbox 494 1866 612 1898; x_wconf 86' lang='lat' dir='ltr'><em>‘trium</em></span> <span class='ocrx_word' id='word_1_358' title='bbox 626 1866 754 1904; x_wconf 90' lang='lat' dir='ltr'><em>virum‚’</em></span> <span class='ocrx_word' id='word_1_359' title='bbox 769 1876 834 1896; x_wconf 86' lang='lat' dir='ltr'><em>non</em></span> <span class='ocrx_word' id='word_1_360' title='bbox 852 1866 1033 1904; x_wconf 86' lang='lat' dir='ltr'><em>‘virorum,’</em></span> <span class='ocrx_word' id='word_1_361' title='bbox 1048 1876 1118 1898; x_wconf 90' lang='lat' dir='ltr'><em>cum</em></span> <span class='ocrx_word' id='word_1_362' title='bbox 1135 1867 1338 1899; x_wconf 80' lang='lat' dir='ltr'><em>‘sestertium</em></span> 
     </span>
     <span class='ocr_line' id='line_1_38' title="bbox 139 1909 1337 1951; baseline -0.002 -7"><span class='ocrx_word' id='word_1_363' title='bbox 139 1912 331 1949; x_wconf 86' lang='lat' dir='ltr'><em>nummum‚&#39;</em></span> <span class='ocrx_word' id='word_1_364' title='bbox 354 1921 419 1942; x_wconf 85' lang='lat' dir='ltr'><em>non</em></span> <span class='ocrx_word' id='word_1_365' title='bbox 437 1914 662 1942; x_wconf 84' lang='lat' dir='ltr'><em>‘nummorum</em></span> <span class='ocrx_word' id='word_1_366' title='bbox 674 1909 693 1949; x_wconf 85' lang='lat'><em>;’</em></span> <span class='ocrx_word' id='word_1_367' title='bbox 713 1909 797 1951; x_wconf 78' lang='lat' dir='ltr'><em>quod</em></span> <span class='ocrx_word' id='word_1_368' title='bbox 818 1909 856 1940; x_wconf 88' lang='lat' dir='ltr'><em>in</em></span> <span class='ocrx_word' id='word_1_369' title='bbox 875 1909 927 1940; x_wconf 69' lang='lat' dir='ltr'><em>Itis</em></span> <span class='ocrx_word' id='word_1_370' title='bbox 948 1909 1137 1941; x_wconf 84' lang='lat' dir='ltr'><em>consuetudo</em></span> <span class='ocrx_word' id='word_1_371' title='bbox 1156 1910 1253 1942; x_wconf 69' lang='lat' dir='ltr'><em>van-ia</em></span> <span class='ocrx_word' id='word_1_372' title='bbox 1274 1921 1337 1942; x_wconf 85' lang='lat' dir='ltr'><em>non</em></span> 
     </span>
    </p>
   </div>
   <div class='ocr_carea' id='block_1_10' title="bbox 138 1954 1335 2057">
    <p class='ocr_par' dir='ltr' id='par_1_10' title="bbox 138 1954 1335 2057">
     <span class='ocr_line' id='line_1_39' title="bbox 138 1954 553 1994; baseline -0.012 -5"><span class='ocrx_word' id='word_1_373' title='bbox 138 1961 191 1989; x_wconf 86' lang='lat' dir='ltr'><em>est.</em></span> <span class='ocrx_word' id='word_1_374' title='bbox 240 1956 287 1987; x_wconf 83' lang='lat' dir='ltr'><em>Of.</em></span> <span class='ocrx_word' id='word_1_375' title='bbox 306 1955 350 1986; x_wconf 90' lang='lat' dir='ltr'><em>ib.</em></span> <span class='ocrx_word' id='word_1_376' title='bbox 376 1962 442 1994; x_wconf 84' lang='lat'><em>155,</em></span> <span class='ocrx_word' id='word_1_377' title='bbox 466 1954 553 1994; x_wconf 62' lang='lat'><em>156]</em></span> 
     </span>
     <span class='ocr_line' id='line_1_40' title="bbox 203 2013 1335 2057; baseline -0.002 -9"><span class='ocrx_word' id='word_1_378' title='bbox 203 2015 408 2057; x_wconf 81' lang='lat' dir='ltr'><em>[ducentiens.</em></span> <span class='ocrx_word' id='word_1_379' title='bbox 447 2025 491 2046; x_wconf 79' lang='lat' dir='ltr'><em>sc.</em></span> <span class='ocrx_word' id='word_1_380' title='bbox 516 2017 655 2045; x_wconf 79' lang='lat' dir='ltr'><em>centena.</em></span> <span class='ocrx_word' id='word_1_381' title='bbox 672 2013 1002 2050; x_wconf 81' lang='lat' dir='ltr'><em>milia=20‚000,000</em></span> <span class='ocrx_word' id='word_1_382' title='bbox 1023 2013 1176 2045; x_wconf 73' lang='lat' dir='ltr'><em>sestertii.</em></span> <span class='ocrx_word' id='word_1_383' title='bbox 1203 2013 1268 2046; x_wconf 79' lang='lat' dir='ltr'><em>Cic.</em></span> <span class='ocrx_word' id='word_1_384' title='bbox 1287 2025 1335 2046; x_wconf 79' lang='lat' dir='ltr'><em>re-</em></span> 
     </span>
    </p>
   </div>
   <div class='ocr_carea' id='block_1_11' title="bbox 138 2057 1336 2142">
    <p class='ocr_par' dir='ltr' id='par_1_11' title="bbox 138 2057 1336 2142">
     <span class='ocr_line' id='line_1_41' title="bbox 138 2057 1332 2100; baseline -0.002 -9"><span class='ocrx_word' id='word_1_385' title='bbox 138 2061 250 2091; x_wconf 81' lang='lat' dir='ltr'><em>ceived</em></span> <span class='ocrx_word' id='word_1_386' title='bbox 265 2059 405 2100; x_wconf 77' lang='lat' dir='ltr'><em>fortasse</em></span> <span class='ocrx_word' id='word_1_387' title='bbox 420 2057 554 2088; x_wconf 80' lang='lat' dir='ltr'><em>centiens</em></span> <span class='ocrx_word' id='word_1_388' title='bbox 574 2058 619 2098; x_wconf 88' lang='lat' dir='ltr'><em>by</em></span> <span class='ocrx_word' id='word_1_389' title='bbox 633 2057 690 2088; x_wconf 90' lang='lat' dir='ltr'><em>the</em></span> <span class='ocrx_word' id='word_1_390' title='bbox 710 2057 775 2087; x_wconf 88' lang='lat' dir='ltr'><em>will</em></span> <span class='ocrx_word' id='word_1_391' title='bbox 801 2057 835 2086; x_wconf 78' lang='lat' dir='ltr'><em>of</em></span> <span class='ocrx_word' id='word_1_392' title='bbox 856 2057 1018 2087; x_wconf 86' lang='lat' dir='ltr'><em>Diodotus</em></span> <span class='ocrx_word' id='word_1_393' title='bbox 1035 2057 1087 2096; x_wconf 82' lang='lat' dir='ltr'><em>(ad</em></span> <span class='ocrx_word' id='word_1_394' title='bbox 1112 2057 1187 2088; x_wconf 87' lang='lat' dir='ltr'><em>Att.</em></span> <span class='ocrx_word' id='word_1_395' title='bbox 1217 2065 1253 2089; x_wconf 92' lang='grc'><em>11.</em></span> <span class='ocrx_word' id='word_1_396' title='bbox 1281 2067 1332 2090; x_wconf 81' lang='lat'><em>20.</em></span> 
     </span>
     <span class='ocr_line' id='line_1_42' title="bbox 138 2099 1336 2142; baseline -0.003 -7"><span class='ocrx_word' id='word_1_397' title='bbox 138 2106 153 2142; x_wconf 69' lang='grc' dir='ltr'>ξ</span> <span class='ocrx_word' id='word_1_398' title='bbox 177 2103 220 2141; x_wconf 82' lang='grc' dir='ltr'><em>ὁ).</em></span> <span class='ocrx_word' id='word_1_399' title='bbox 258 2103 307 2134; x_wconf 83' lang='lat' dir='ltr'><em>Cf.</em></span> <span class='ocrx_word' id='word_1_400' title='bbox 335 2102 422 2133; x_wconf 88' lang='lat' dir='ltr'><em>Plut.</em></span> <span class='ocrx_word' id='word_1_401' title='bbox 457 2101 522 2132; x_wconf 76' lang='lat' dir='ltr'><em>Cic.</em></span> <span class='ocrx_word' id='word_1_402' title='bbox 550 2101 580 2132; x_wconf 88' lang='lat'><em>8.</em></span> <span class='ocrx_word' id='word_1_403' title='bbox 614 2102 704 2132; x_wconf 79' lang='lat' dir='ltr'><em>ABR.</em></span> <span class='ocrx_word' id='word_1_404' title='bbox 753 2100 927 2131; x_wconf 77' lang='lat' dir='ltr'><em>Drumann</em></span> <span class='ocrx_word' id='word_1_405' title='bbox 950 2101 1007 2140; x_wconf 85' lang='lat' dir='ltr'><em>(VI.</em></span> <span class='ocrx_word' id='word_1_406' title='bbox 1037 2099 1110 2140; x_wconf 81' lang='lat'>383)</span> <span class='ocrx_word' id='word_1_407' title='bbox 1133 2100 1192 2132; x_wconf 76' lang='lat' dir='ltr'><em>has</em></span> <span class='ocrx_word' id='word_1_408' title='bbox 1214 2101 1336 2132; x_wconf 77' lang='lat' dir='ltr'><em>notiees</em></span> 
     </span>
    </p>
   </div>
   <div class='ocr_carea' id='block_1_12' title="bbox 137 2144 1335 2243">
    <p class='ocr_par' dir='ltr' id='par_1_12' title="bbox 137 2144 1335 2243">
     <span class='ocr_line' id='line_1_43' title="bbox 137 2144 592 2188; baseline -0.011 -9"><span class='ocrx_word' id='word_1_409' title='bbox 137 2149 171 2179; x_wconf 80' lang='lat' dir='ltr'><em>of</em></span> <span class='ocrx_word' id='word_1_410' title='bbox 190 2158 291 2188; x_wconf 76' lang='lat' dir='ltr'><em>many</em></span> <span class='ocrx_word' id='word_1_411' title='bbox 312 2146 406 2177; x_wconf 85' lang='lat' dir='ltr'><em>other</em></span> <span class='ocrx_word' id='word_1_412' title='bbox 426 2144 592 2185; x_wconf 67' lang='lat' dir='ltr'><em>legacies]</em></span> 
     </span>
     <span class='ocr_line' id='line_1_44' title="bbox 200 2197 1335 2243; baseline -0.004 -10"><span class='ocrx_word' id='word_1_413' title='bbox 200 2203 220 2233; x_wconf 96' lang='grc'><em>1.</em></span> <span class='ocrx_word' id='word_1_414' title='bbox 255 2211 301 2243; x_wconf 88' lang='lat'><em>¹9·</em></span> <span class='ocrx_word' id='word_1_415' title='bbox 350 2199 470 2235; x_wconf 75' lang='lat' dir='ltr'><em>rettuh‘,</em></span> <span class='ocrx_word' id='word_1_416' title='bbox 496 2199 530 2229; x_wconf 83' lang='lat' dir='ltr'><em>in</em></span> <span class='ocrx_word' id='word_1_417' title='bbox 559 2209 615 2239; x_wconf 87' lang='lat' dir='ltr'><em>my</em></span> <span class='ocrx_word' id='word_1_418' title='bbox 645 2197 883 2229; x_wconf 79' lang='lat' dir='ltr'><em>account-book</em></span> <span class='ocrx_word' id='word_1_419' title='bbox 914 2197 1053 2237; x_wconf 80' lang='lat' dir='ltr'><em>(tabulae</em></span> <span class='ocrx_word' id='word_1_420' title='bbox 1082 2197 1201 2237; x_wconf 78' lang='lat' dir='ltr'><em>accepti</em></span> <span class='ocrx_word' id='word_1_421' title='bbox 1229 2202 1260 2229; x_wconf 80' lang='lat' dir='ltr'><em>et</em></span> <span class='ocrx_word' id='word_1_422' title='bbox 1287 2207 1335 2229; x_wconf 70' lang='grc' dir='ltr'><em>ωσ-</em></span> 
     </span>
    </p>
   </div>
   <div class='ocr_carea' id='block_1_13' title="bbox 132 2245 246 2285">
    <p class='ocr_par' dir='ltr' id='par_1_13' title="bbox 132 2245 246 2285">
     <span class='ocr_line' id='line_1_45' title="bbox 132 2245 246 2285; baseline 0 -9"><span class='ocrx_word' id='word_1_423' title='bbox 132 2245 246 2285; x_wconf 81' lang='lat' dir='ltr'><em>pensi).</em></span> 
     </span>
    </p>
   </div>
  </div>
 </body>
</html>
