1396 2436
147 90 226 130 OB.
258 91 593 132 PHILIPPICA
617 92 678 131 II.
701 109 730 132 c.
754 94 920 132 40-42.
946 92 985 143 §§
1008 93 1227 131 102—108.
1250 93 1302 131 43

104 207 202 241 rum,
242 195 433 233 natabant
469 196 694 246 pavimenta
730 196 834 244 vino,
871 195 1083 233 madebant
1121 196 1298 246 parietes,

101 259 264 310 ingenui
303 261 415 311 pueri
451 274 541 298 cum
582 262 804 309 meritoriis,
843 265 970 299 scorta
1008 261 1115 299 inter
1155 264 1299 299 matres

97 325 264 363 familias
303 325 570 363 versabantur.
641 326 782 364 Casino
819 326 1034 364 salutatum
1071 326 1294 373 veniebant,

96 389 269 440 Aquino,
303 389 542 429 Interamna.
602 391 813 429 Admissus
850 395 911 430 est
941 404 1066 428 nemo.
1126 391 1219 429 Iure
1254 391 1296 429 id

68 453 273 504 ⁶quidem3
295 455 339 493 in
356 455 515 494 homine
534 457 641 494 enim
660 458 888 508 turpissimo
909 457 1189 495 obsolefiebant
1213 457 1294 507 dig-

94 520 232 558 nitatis
253 521 432 572 insignia.
495 522 581 559 106.
614 522 715 560 Cum
740 523 834 561 inde
857 523 1027 560 Romam
1049 522 1293 572 proficiscens

92 585 143 623 ad
178 586 386 638 Aquinum
423 588 633 636 accederet,
667 589 824 626 obviam
857 589 893 626 ei
924 588 1121 639 processit,
1156 592 1203 626 ut
1234 592 1294 626 est

91 651 272 702 frequens
289 652 559 703 municipium,
580 666 723 704 magna
741 667 833 691 sane
855 653 1079 691 multitudo.
1139 653 1201 690 At
1218 654 1292 692 iste

91 720 227 766 operta
239 716 378 755 lectica
390 717 495 755 latus
508 722 579 768 ‘per
593 718 779 768 oppidum
794 723 853 756 est
868 722 915 756 ut
928 722 1116 756 mortuus.
1158 717 1291 756 Stulte

53 777 82 803 ¹⁰
91 779 324 831 Aquinates,
344 782 412 819 sed.
436 785 568 820 tamen
593 783 636 820 in
664 784 729 821 via
751 783 991 821 habitabant.
1047 783 1153 829 Quid
1179 783 1290 821 Ana-

89 845 228 895 gnini?
283 846 362 892 Qui
383 860 471 884 cum
496 852 624 885 essent
643 848 749 886 devii
771 849 1065 896 descenderunt,
1092 854 1138 887 ut
1158 849 1286 897 istum,

93 912 294 959 tamquam
306 909 339 947 si
356 912 465 956 esset,
481 908 677 947 consulem
693 910 922 949 salutarent.
955 912 1190 949 Incredibile
1202 912 1281 950 dic-

94 982 138 1014 tu
150 983 210 1016 est
218 993 230 1026 3
243 979 309 1017 sed
321 993 407 1016 sum
416 980 567 1017 vicinus
578 993 590 1027 3
603 981 709 1017 inter
721 994 854 1019 omnes
866 983 1071 1019 constabat
1084 982 1281 1019 neminem

91 1052 172 1077 esse
190 1039 459 1088 resalutatum,
480 1042 712 1092 praesertim
736 1055 827 1080 cum
845 1041 942 1080 duos
963 1054 1094 1079 secum
1114 1040 1291 1092 Anagni-

54 1111 162 1143 wnos
197 1105 368 1153 haberet,
408 1106 623 1145 Mustelam
659 1100 701 1146 et
738 1107 941 1154 Laconem,
982 1120 1150 1157 quorum
1190 1106 1292 1144 alter

91 1170 309 1220 gladiorum
336 1174 396 1209 est
423 1172 614 1222 princeps,
641 1172 741 1210 alter
768 1173 1005 1222 poculorum.
1067 1170 1153 1210 107.
1185 1171 1290 1217 Quid

91 1249 161 1286 ego
189 1236 275 1274 illas
306 1237 422 1275 istius
454 1238 581 1276 minas
613 1238 946 1288 contumeliasque
979 1249 1286 1284 commemorem,

89 1301 232 1352 quibus
256 1302 435 1340 invectus
460 1307 520 1341 est
546 1305 589 1341 in
618 1303 821 1352 Sidicinos,
849 1303 1011 1341 vexavit
1039 1301 1286 1348 Puteolanos,

88 1367 191 1416 quod
228 1367 269 1405 O.
307 1359 483 1406 Cassium
519 1373 560 1407 et
597 1369 742 1407 Brutos
779 1373 964 1419 patronos
1007 1367 1286 1418 adoptassent‘e

46 1431 233 1482 ”Magno
256 1433 416 1483 quidem
443 1433 584 1481 studio,
612 1434 767 1481 iudicio,
795 1432 1079 1479 benevolentia,
1108 1431 1283 1476 caritate,

85 1509 174 1544 non,
206 1502 252 1535 ut
284 1501 325 1536 te
356 1502 397 1536 et
430 1498 618 1546 Basilum,
650 1498 691 1535 vi
724 1502 764 1536 et
797 1498 926 1544 armis,
959 1501 1000 1534 et
1032 1497 1130 1534 alios
1162 1497 1287 1534 vestri

86 1561 241 1609 similes,
270 1575 368 1613 quos
399 1556 562 1602 clientes
595 1576 709 1601 nemo
741 1563 884 1601 habere
917 1562 1026 1609 velit,
1060 1574 1140 1599 non
1172 1562 1286 1599 modo

86 1624 243 1664 illorum
265 1627 385 1664 cliens
408 1640 497 1665 esse.
557 1627 696 1664 XLII.
729 1627 886 1665 Interea
910 1627 1004 1664 dum
1026 1630 1073 1663 tu
1095 1626 1195 1673 abes,
1217 1627 1286 1676 qui

87 1691 168 1729 dies
199 1691 266 1730 ille
296 1692 464 1743 collegae
495 1693 558 1730 tui
590 1693 678 1739 fuit,
711 1706 799 1730 cum
829 1692 940 1740 illud,
972 1692 1076 1742 quod
1105 1692 1284 1730 venerari

45 1755 242 1804 &solebaa
264 1757 425 1795 bustum
449 1758 492 1794 in
517 1757 600 1795 soro
623 1758 768 1795 evertit
786 1760 792 1795 !
818 1771 898 1808 qua
919 1771 962 1795 re
984 1759 1059 1795 tibi
1084 1759 1279 1806 nuntiata,

85 1824 133 1858 ut
163 1822 364 1860 constabat
394 1823 500 1861 inter
537 1836 611 1870 eos,
645 1824 715 1873 qui
748 1836 827 1860 una
860 1823 1031 1870 fuerunt,
1065 1824 1278 1862 concidisti.

87 1885 191 1932 Quid
213 1888 386 1926 evenerit
404 1892 538 1938 postea
559 1889 894 1926 nescio—metum
917 1889 1031 1926 credo
1050 1889 1219 1928 valuisse
1241 1894 1282 1928 et

85 1964 259 1990 arma—-z
283 1953 468 2003 collegam
491 1953 649 2004 quidem
672 1953 720 1991 de
744 1954 850 1991 caelo
871 1953 1080 1991 detraxisti
1104 1954 1279 1992 effecisti-

84 2028 170 2066 que,
198 2029 278 2055 non
305 2021 351 2055 tu
381 2019 540 2068 quidem
570 2020 689 2056 etiam
718 2031 834 2066 nunc,
866 2022 914 2056 ut
942 2019 1079 2057 similis
1108 2020 1180 2067 tui,
1212 2020 1279 2058 sed

43 2083 189 2118 atcerte
205 2085 258 2118 ut·
269 2082 468 2121 dissimilis
487 2087 586 2122 esset
604 2085 675 2122 sui.

166 2144 252 2183 108.
309 2145 387 2191 Qui
404 2160 497 2185 vero
514 2147 606 2186 inde
623 2148 773 2186 reditus
792 2148 960 2188 Romam
975 2151 984 2188 !
1007 2163 1106 2200 quae
1124 2154 1275 2201 pertur-

82 2207 188 2245 batio
200 2209 324 2247 totius
334 2211 441 2248 urbis
458 2214 465 2249 !
513 2212 821 2250 Memineramus
835 2214 1001 2252 Cinnam
1013 2216 1131 2253 nimis
1141 2220 1274 2266 poten-
