1396 2436
138 93 140 96 ⁵
169 99 245 138 OB.
263 97 595 136 PHILIPPICA
620 97 679 135 II.
702 110 735 135 c.
755 96 925 135 42—44.
946 95 986 146 §§
1009 95 1232 133 108—113.
1261 88 1311 133 45

111 204 193 242 dies
222 204 292 254 qui
316 203 368 240 sit
398 202 578 252 ignoreste
635 201 774 239 Nescis
803 200 890 238 heri
922 203 1110 251 quartum
1139 198 1182 236 in
1211 198 1312 236 circo

110 268 214 306 diem
232 268 415 306 ludorum
434 266 704 304 Romanorum
727 265 872 303 fuisse'l
896 267 939 302 te
956 268 1090 301 autem
1112 263 1241 313 ipsum
1262 263 1311 300 ad

110 333 298 384 populum
337 332 474 370 tulisse
503 335 550 368 ut
590 331 754 380 quintus
795 332 998 380 praeterea
1033 328 1115 366 dies
1157 327 1311 365 Caesari

111 397 372 435 tribueretur'l
413 395 494 433 Gur
507 408 588 432 non
607 407 741 432 sumus
761 393 1021 444 praetextati?
1041 406 1111 430 cur
1123 392 1309 430 honorem

86 460 285 499 ⁵Caesaris
309 464 380 498 tua
400 460 484 509 lege
507 459 642 496 datum
669 458 794 496 deseri
816 459 1020 509 patimur?
1046 471 1097 496 an
1121 458 1309 508 supplica-

110 526 236 564 tiones
256 524 433 564 addendo
456 525 560 561 diem
583 523 843 562 contaminari
864 537 1000 574 passus
1019 537 1068 571 es,
1090 525 1310 574 pulvinaria

111 591 365 630 contaminari
391 591 584 629 noluisti't
640 590 730 627 Aut
757 590 930 641 undique
959 590 1189 641 religionem
1216 592 1309 630 tolle

109 662 180 696 aut
202 670 324 708 usque
348 670 502 708 quaque
530 669 721 695 conserva.
801 657 886 694 111.
918 656 1080 702 Quaeris
1107 657 1309 706 placeatne

108 725 207 763 mjhi
237 725 421 776 pulvinar
450 737 540 771 esse,
573 724 785 774 fastigium,
816 724 1022 761 flaminem.
1083 723 1188 761 Mihi
1216 737 1308 761 vero

73 790 209 828 101111111
226 790 390 828 istorum
409 789 538 840 placet
553 789 562 827 :⁴
583 789 649 827 sed
665 793 721 836 tu,
739 789 808 839 qui
827 793 915 827 acta
929 789 1104 827 Caesaris
1122 789 1305 836 defendis,

109 854 204 906 quid
222 857 331 905 potes
345 854 474 891 dicere
492 867 563 891 0111·
576 854 655 890 alia
674 853 870 901 defendas,
885 854 963 891 alia
980 867 1059 892 non
1079 856 1211 892 cures?
1231 855 1307 893 nisi

109 920 210 959 forte
228 920 286 958 vis
304 919 420 957 fateri
443 923 484 956 te
506 921 638 957 omnia
661 924 829 970 quaestu
851 923 932 968 tuo,
954 933 1033 957 non
1054 920 1162 958 illius
1184 920 1307 970 digni-

109 989 192 1023 tate
218 985 360 1023 metiri.
419 984 524 1030 Quid
551 985 600 1022 ad
629 985 723 1023 haec
751 986 910 1023 tandem
923 986 1173 1036 i—exspecto
1202 986 1307 1023 enim

108 1050 369 1101 eloquentiam
386 1054 518 1088 tuam:
549 1051 846 1088 disertissimum
865 1051 1028 1101 cognovi
1047 1063 1165 1088 avum
1179 1054 1304 1097 tuum,

70 1130 99 1156 15
108 1120 150 1153 at
180 1119 222 1153 te
258 1115 376 1154 etiam
413 1115 647 1165 apertiorem
684 1103 727 1152 in
765 1115 950 1163 dicendo3
988 1115 1055 1153 ille
1092 1128 1306 1166 numquam

107 1182 236 1219 nudus
259 1185 318 1219 est
339 1181 597 1227 contionatus,
624 1185 740 1217 tuum
765 1180 937 1218 hominis
962 1180 1147 1230 simplicis
1172 1184 1306 1230 pectus

107 1247 344 1285 vidimus—z
371 1247 672 1296 respondebisne
697 1246 747 1283 ad
769 1245 864 1283 haec
885 1249 955 1283 aut
978 1246 1136 1282 omnino
1159 1245 1305 1283 hiscere

108 1311 296 1350 audebis‘t
323 1310 462 1360 ecquid
488 1311 656 1360 reperies
682 1323 731 1347 ex
757 1314 840 1347 tam
866 1310 982 1359 longa
1006 1310 1182 1347 oratione
1206 1323 1302 1356 mea,

108 1378 171 1414 cui
189 1381 228 1414 te
246 1375 478 1426 respondere
495 1388 604 1425 posse
625 1375 821 1413 confidas'l
936 1412 938 1414 ,

72 1456 102 1483 20
187 1437 344 1479 XLIV.
414 1440 499 1478 112.
543 1439 620 1478 Sed
658 1440 870 1490 praeterita
906 1440 1155 1478 omittamus:
1199 1441 1304 1478 hunc

107 1521 231 1546 unum
268 1507 382 1555 diem,
423 1520 559 1554 unum,
598 1507 770 1557 inquam,
810 1507 1042 1543 hodiernum
1079 1507 1193 1553 diem,
1233 1507 1304 1544 hoc

107 1577 296 1624 punctum
318 1572 516 1623 temporis,
537 1585 615 1622 quo
635 1572 781 1622 loquor,
803 1572 976 1618 defende,
998 1572 1031 1609 si
1048 1575 1166 1621 potes.
1225 1571 1305 1609 Cur

108 1641 345 1675 armatorum
377 1650 517 1675 corona
549 1642 707 1675 senatus
739 1642 896 1688 saeptus
926 1639 1013 1676 est‘l
1048 1651 1117 1675 cur
1149 1650 1211 1674 me
1244 1638 1305 1675 tui

108 1702 293 1740 satellites
317 1715 406 1739 cum
428 1701 568 1752 gladiis
590 1702 785 1740 audiunt?
810 1716 880 1740 cur
904 1702 1041 1740 valvae
1068 1702 1305 1740 Concordiae

67 1775 187 1804 ”non
215 1768 381 1817 patenti
412 1779 481 1804 cur
507 1766 684 1804 homines
714 1768 891 1805 omnium
923 1768 1100 1818 gentium
1133 1769 1304 1805 maxime

106 1832 297 1878 barbaros,
331 1831 519 1881 Ityraeos,
553 1845 654 1869 cumr
679 1833 834 1882 sagittis
871 1833 1029 1870 deducis
1069 1832 1110 1869 in
1144 1833 1301 1870 forum'l

109 1896 296 1935 Praesidii
315 1886 376 1934 sui
394 1910 509 1934 causa
527 1910 567 1935 se
587 1898 710 1935 faeere
730 1898 836 1936 dicit.
896 1898 989 1935 Non
1007 1898 1132 1948 igitur
1149 1897 1303 1934 miliens

108 1963 232 2013 perire
250 1967 307 2001 est
324 1964 463 2001 melius
482 1977 599 2014 quam
620 1965 661 2001 in
679 1977 750 2001 sua
772 1964 935 2002 civitate
957 1966 1042 2002 sine
1064 1968 1302 2002 armatorum

107 2028 294 2078 praesidio
325 2042 404 2066 non
435 2042 546 2080 posse
578 2030 739 2068 vivere'l
797 2029 874 2067 Sed
906 2030 1059 2067 nullum
1092 2034 1151 2067 est
1183 2030 1300 2077 istud,

67 2092 205 2132 mmihi
235 2094 356 2141 erede,
389 2094 652 2144 praesidium:
692 2094 856 2132 caritate
886 2098 927 2132 te
959 2099 1000 2133 et
1032 2095 1303 2133 benevolentia

108 2157 250 2196 civium
269 2162 446 2208 saeptum
464 2162 618 2208 oportet
636 2172 727 2205 esse,
748 2172 827 2196 non
846 2160 973 2198 armis.
1035 2160 1119 2197 113.
1151 2160 1315 2209 Eripieff

109 2227 148 2259 et
184 2224 432 2272 extorquebit
468 2224 542 2260 tibi
579 2224 655 2261 ista
693 2211 858 2274 populus
896 2224 1109 2271 Romanus,
1148 2226 1301 2264 utinam
