1396 2436
397 491 455 536 M.
493 493 708 536 TULLII
740 492 1070 538 CICERONIS

339 617 435 667 IN
494 618 566 668 M.
625 617 976 668 ANTONI
998 617 1127 666 UM

282 749 679 784 PHILIPPIOARUM
718 751 865 783 LIBER
902 750 1166 785 SECUNDUS.

211 872 246 913 I.
306 874 338 912 1.
371 874 549 920 QUONAM
583 887 669 912 meo
699 875 790 921 fato,
825 877 955 924 patres
988 873 1207 924 conscripti,
1241 873 1323 912 fieri

117 937 268 987 dicam,
296 943 344 977 ut
370 952 484 977 nemo
512 940 574 976 his
604 939 717 976 annis
744 939 887 988 viginti
917 938 973 976 rei
1001 938 1178 988 publicae
1205 939 1326 976 fuerit

130 1002 263 1054 hostis,
295 1005 364 1056 qui
393 1017 473 1042 non
502 1005 650 1054 Qu
680 1004 815 1042 eodem
844 1007 1018 1054 tempore
1045 1003 1143 1041 mihi
1171 1017 1325 1055 quoque

129 1070 347 1122 indngt?
404 1069 490 1108 Nec
521 1083 614 1107 vero
650 1083 805 1107 neeesse
842 1073 901 1107 est
936 1082 1171 1120 quemquam
1204 1083 1228 1107 a
1263 1083 1325 1107 me

105 1136 345 1174 ‘nominarit
364 1135 563 1173 vobiscum
582 1135 658 1186 ipsi
676 1123 944 1173 recordamini.
991 1133 1098 1171 Mihi
1111 1147 1324 1184 poenarum

137 1201 192 1239 illi
221 1201 310 1252 plus
336 1213 452 1251 quam
482 1205 657 1250 optaram
689 1198 906 1236 dederunt:
934 1202 974 1236 te
1001 1198 1132 1245 miror,
1161 1198 1324 1243 Antoni,

137 1278 302 1317 quorum
324 1265 430 1303 facta
448 1266 612 1311 imitere,
628 1277 762 1302 eorum
782 1264 913 1301 exitus
932 1277 1011 1300 non
1027 1263 1324 1313 perhorxjescere.

139 1330 275 1380 Atque
292 1329 366 1367 hoe
391 1329 434 1366 in
459 1329 548 1366 aliis
574 1329 705 1365 minus
731 1328 911 1365 mirabar.
969 1327 1097 1364 Nemo
1122 1327 1227 1365 enim
1246 1327 1328 1364 illo-

138 1406 225 1431 rum
250 1393 432 1430 inimicus
458 1393 555 1429 mihi
579 1391 660 1428 fuit
687 1392 942 1442 volunt-arius,
972 1403 1105 1428 omnes
1133 1404 1157 1428 a
1182 1403 1244 1429 me
1272 1393 1329 1429 rei

99 1459 128 1487 ¹⁰
139 1457 316 1508 publicae
334 1470 450 1495 eausa
470 1457 648 1494 lacessiti.
689 1456 748 1492 Tu
768 1468 817 1493 ne
837 1456 955 1492 verbo
970 1455 1127 1506 quidem
1144 1456 1325 1503 violatus,

136 1521 184 1555 ut
218 1517 401 1556 audacior
431 1530 547 1568 quam
589 1515 771 1564 Catilina,
804 1516 988 1555 furiosior
1020 1531 1137 1569 quam
1171 1517 1329 1557 Clodius

136 1581 320 1630 viderere,
343 1582 450 1620 ultro
472 1595 535 1620 me
557 1581 775 1619 maledictis
797 1581 984 1620 lacessisti
1007 1586 1195 1633 tuamque
1219 1596 1243 1621 a
1266 1597 1329 1621 me

135 1645 410 1686 alienationem
429 1646 804 1685 commendationem
823 1633 1112 1703 tibi-npios
1131 1648 1235 1686 cives
1248 1648 1329 1686 fore

100 1712 335 1781 ἱΔΡιιί-,εινὶιῡί-,ὶ
393 1713 426 1751 2.
458 1712 564 1759 Quid
578 1714 740 1763 putem'l
760 1716 1082 1763 contemptumne
1100 1715 1186 1752 me‘l
1234 1714 1326 1752 Non

0 1756 128 1849 &⁴0⁵
136 1777 247 1815 video
263 1790 335 1816 nec
353 1777 395 1815 in
413 1778 497 1816 vita
515 1791 586 1815 nec
604 1779 647 1815 in
669 1778 798 1834 Q
819 1790 891 1815 nec
912 1778 955 1815 in
977 1778 1100 1820 rebus
1110 1778 1232 1829 gestis
1257 1792 1327 1817 nec
1341 1768 1396 1827 “4²25

6 1848 113 1899 μων·
134 1842 176 1879 in
193 1842 266 1880 hac
286 1855 373 1881 mea
396 1843 665 1881 mediocritate
687 1843 729 1886 in
757 1843 846 1890 enii,
867 1843 963 1894 quid
987 1844 1182 1894 despicere
1205 1846 1327 1895 possit

135 1906 348 1946 Antonius.
404 1907 474 1945 An
492 1908 535 1945 in
553 1911 692 1946 senatu
710 1908 896 1946 facillime
911 1909 958 1946 de
973 1922 1035 1947 me
1047 1909 1204 1963 detrahi
1218 1923 1325 1960 posse
1340 1897 1391 1940 »θ’

134 1971 327 2010 credidit?
356 1973 426 2023 qui
443 1973 537 2011 ordo
565 1974 789 2012 clarissimis
814 1975 966 2013 civibus
991 1976 1089 2013 bene
1113 1979 1244 2026 gestae
1268 1976 1323 2013 rei

134 2036 311 2086 publicae
350 2038 620 2077 testimonium
653 2039 800 2087 multis,
840 2039 937 2077 mihi
968 2041 1038 2077 uni
1077 2044 1325 2078 conservatae

93 2100 251 2140 zodedit.
308 2101 377 2139 An
396 2102 592 2141 decertare
610 2116 762 2141 mecum
781 2103 911 2141 voluit
928 2105 1177 2206 cogijffifippe
1196 2105 1324 2142 dicen-

132 2165 200 2203 di‘e
220 2204 255 2237 w
301 2178 346 2203 oc
359 2166 517 2216 quidem
537 2171 596 2205 est
607 2167 848 2206 beneficium.
909 2168 1014 2214 Quid
1019 2182 1081 2226 Aen
1098 2182 1137 2206 m
1157 2169 1320 2219 plenius,

132 2229 242 2286 quid!⁴
274 2230 402 2267 berius
416 2244 532 2281 quam
551 2210 854 2282 'affliwgaerglffi
893 2237 934 2270 et
948 2237 1084 2270 contra
1098 2233 1320 2272 Antonium

1196 2305 1214 2342 l
