1396 2436
88 114 97 125 '
127 110 175 147 36
421 107 474 144 M.
508 105 710 144 TULLII
736 103 1035 144 CICERONIS

58 236 97 263 ὦ
129 210 199 247 bus
217 221 294 245 non
317 207 442 245 solum
462 207 509 245 de
528 207 603 252 die,
627 207 694 244 sed
713 207 832 244 etiam
855 207 897 243 in
917 206 1020 244 diem
1040 205 1182 243 bibere.
1237 201 1321 241 Ubi

0 264 81 311 232⁴
99 260 235 312 ”flehim
253 276 300 310 tu
318 273 361 310 in
380 285 474 322 pace
486 272 692 310 consistes‘l
713 271 782 322 qui
796 271 903 308 locus
916 270 991 308 tibi
1005 270 1047 307 in
1058 269 1213 319 legibus
1223 271 1263 306 et
1281 268 1324 304 in

0 359 14 379 «ι
48 326 284 376 wffiudioiis
304 351 386 376 esse
404 341 544 388 potest,
565 349 666 387 quae
685 341 742 383 tu,
763 340 956 387 quantum
974 336 1017 372 in
1035 339 1076 372 te
1094 333 1182 381 fuit,
1203 332 1325 371 domi·

0 414 66 455 1η
129 407 227 440 natu
238 403 344 453 regio
359 402 576 451 sustulisti?
615 401 762 439 Ideone
777 401 819 438 L.
834 401 1071 451 Tarquinius
1083 402 1244 450 exffitus
1255 401 1324 445 est,
1337 367 1396 437 ΨΜ

131 468 194 518 Sp.
216 467 380 515 Cassius,
404 467 468 517 Sp.
491 466 669 514 Maelius,
692 465 747 503 M.
766 465 940 503 Manlius
959 464 1099 510 necati,
1126 467 1173 501 ut
1190 462 1349 501 multis5

131 537 220 583 post
250 533 414 571 saeculis
447 545 471 569 a
502 532 558 570 M.
595 531 784 576 Antonio,
817 531 920 581 quod
951 530 1009 567 fias
1040 541 1119 566 non
1153 531 1223 575 est,
1255 539 1327 565 rex

256 578 375 595 „2-

133 597 285 635 Romae
303 597 630 636 constitueretur?

213 662 396 700 XXXV.
454 662 516 700 88.
565 661 642 698 Sed
669 661 720 698 ad
747 660 919 710 auspicia
943 659 1155 706 redeamus,
1176 657 1225 696 de
1243 657 1327 708 qui-

0 733 32 785 ᾗ(
54 714 205 773 ..T-ybus
243 728 381 765 Idibus
419 726 578 764 Martiis
615 726 693 771 fnit
729 726 772 763 in
809 729 947 763 senatu
980 724 1122 762 Caesar
1157 727 1325 761 acturus.

134 793 306 838 Quaero:
335 796 422 830 tum
450 796 496 829 tu
515 791 611 842 quid
637 791 802 842 egisses'l
831 790 1056 828 Audiebam
1078 788 1260 840 equidem
1287 792 1368 826 telo

134 862 314 910 paratum
333 858 496 904 venisse,
517 857 623 908 quod
651 869 714 894 me
732 857 781 894 de
805 856 1005 894 ementitis
1032 855 1224 905 auspiciis,
1243 854 1328 905 qui-

134 925 206 962 bus
233 928 366 961 tamen
391 936 526 974 parere
553 935 705 960 necesse
723 926 818 970 erat,
839 926 997 972 putares
1021 934 1102 959 esse
1119 921 1329 959 dicturum.

0 988 305 1040 *ra-“Sustulit
331 989 445 1026 illum
463 988 566 1026 diem
586 988 762 1025 Fortuna
779 987 835 1024 rei
854 987 1039 1037 publicae.
1079 985 1191 1023 Num
1210 985 1329 1023 etiam

134 1060 247 1093 tuum
266 1055 314 1093 de
339 1054 521 1105 auspiciis
539 1053 727 1091 iudicium
752 1053 938 1090 interitus
957 1052 1130 1089 Caesaris
1148 1051 1328 1090 sustulit‘l

0 1121 117 1188 νήτη
135 1120 211 1160 Sed
248 1120 368 1157 incidi
406 1120 449 1157 in
489 1119 532 1156 id
572 1122 738 1169 tempus,
776 1119 880 1169 quod
917 1118 965 1155 iis
1003 1118 1128 1164 rebus,
1162 1117 1204 1154 in
1232 1129 1327 1167 quas
1342 1126 1370 1152 1⁵

7 1174 33 1195 Μ
134 1187 306 1237 ingressa
342 1190 426 1223 erat
465 1185 600 1232 oratio,
634 1184 957 1235 praevertendum
993 1187 1061 1234 est.
1117 1181 1226 1228 Quae
1258 1185 1328 1218 tua
1355 1182 1396 1224 {W

134 1252 235 1302 fuga,
278 1264 377 1302 quae
404 1250 569 1303 leo
597 1249 792 1300 praeclaro
821 1248 889 1286 illo
919 1249 992 1294 die,
1042 1260 1142 1299 quae
1170 1244 1329 1297 proptbr

134 1317 410 1355 conscientiam
439 1316 627 1354 scelerum
664 1315 879 1368 desperatio
908 1314 1026 1361 vitae,
1056 1326 1146 1351 cum
1178 1325 1228 1350 ex
1258 1312 1328 1350 illa

6 1394 57 1442 ’ἰή
69 1381 225 1431 μνΐιιὲα
251 1380 438 1418 beneficio
467 1392 610 1426 eorum,
642 1378 710 1429 qui
738 1382 789 1425 te,
823 1378 857 1415 si
884 1390 1000 1427 sanus
1030 1389 1139 1424 esses,
1175 1354 1396 1427 salvumjgfi:

22 1446 25 1450 ’
134 1458 214 1482 esse
232 1444 452 1490 voluerunt,
475 1444 574 1499 Q
592 1447 634 1480 te
655 1442 815 1480 domum
842 1441 1044 1491 recepisti!
1090 1440 1150 1478 89.
1187 1439 1222 1477 O
1242 1453 1328 1477 mea
1340 1450 1371 1476 ω
1386 1435 1396 1453 ‘²

134 1510 278 1547 frustra
314 1521 464 1558 semper
501 1507 701 1545 verissima
730 1506 894 1557 auguria
929 1519 1060 1544 rerum
1089 1506 1325 1543 futurarum!

135 1575 322 1612 Dicebam
351 1574 430 1611 illis
462 1574 503 1610 in
533 1572 726 1623 Capitolio
755 1573 1027 1611 liberatoribus
1051 1573 1203 1620 nostris,
1238 1585 1327 1610 cum

135 1654 196 1678 me
214 1641 263 1678 ad
282 1644 322 1677 te
339 1640 397 1678 ire
417 1640 570 1686 vellent,
594 1643 641 1676 ut
659 1640 708 1677 ad
727 1640 1007 1677 defendendam
1030 1653 1112 1677 rem
1130 1640 1327 1690 publicam

135 1710 174 1743 te
187 1705 435 1742 adhortarer:
456 1704 583 1755 quoad
598 1708 801 1752 metueres,
818 1705 949 1752 omnia
966 1708 1007 1742 te
1025 1705 1326 1754 promissurum3
1341 1710 1343 1714 ’

15 1816 105 1847 “NJ
134 1775 250 1813 simul
289 1787 334 1812 ac
372 1774 511 1812 timere
547 1772 716 1818 desisses‚
755 1771 922 1808 similem
959 1769 1003 1807 'te
1038 1769 1216 1807 futurum
1252 1769 1323 1806 tui.
1339 1782 1370 1810 25

0 1848 70 1881 »νέα
136 1841 278 1891 Itaque
307 1853 396 1878 cum
426 1839 545 1877 ceteri
577 1837 798 1884 consulares
826 1836 929 1885 irent
956 1835 1139 1882 redirent,
1172 1835 1326 1888 Qn-

135 1906 261 1944 tentia
298 1905 443 1943 mansi:
472 1917 603 1955 neque
635 1907 676 1940 te
705 1902 773 1939 illo
805 1901 868 1939 die
893 1914 1020 1951 neque
1051 1904 1205 1950 postero
1232 1900 1324 1947 vidi,
1392 1922 1396 1928 -

0 1947 144 2076 ff
135 1984 259 2022 neque
283 1970 406 2007 ullam
435 1969 657 2007 societatem
686 1967 845 2017 optimis
867 1966 1017 2003 civibus
1039 1979 1127 2003 cum
1153 1967 1327 2021 ingo-rtu-

134 2037 293 2084 nissimo
328 2035 440 2072 hoste
472 2034 625 2071 foedere
660 2033 742 2070 ullo
772 2032 993 2069 confirmari
1029 2044 1140 2082 posse
1166 2031 1326 2070 credidi.

137 2100 232 2137 Post
257 2100 360 2137 diem
389 2099 551 2136 tertium
569 2097 661 2135 veni
683 2086 729 2134 ¹in
758 2097 892 2134 aedem
911 2096 1088 2143 Telluris,
1109 2100 1150 2134 et
1168 2096 1326 2147 quidem
1339 2107 1370 2132 ³⁰

134 2167 294 2211 invitm,
313 2179 403 2204 cum
423 2179 556 2203 omnes
575 2165 705 2202 aditus
723 2163 863 2201 armati
883 2162 1116 2200 obsiderent.
1157 2162 1218 2200 90.
1249 2148 1396 2220 Qiffl*
