1396 2436
565 326 599 362 A
615 320 895 363 DDENDA.

195 471 225 513 [ξ
246 483 293 511 17.
313 474 332 503 l.
357 483 386 504 11
409 485 439 504 11.
479 474 557 504 Add
579 474 633 504 ‘In
652 485 682 515 p.
701 474 794 505 Caee.
815 475 900 514 §481
925 468 985 511 cui,⁴
1007 486 1077 505 cum
1097 480 1219 515 carperet
1239 486 1329 517 eoque

128 516 258 546 consilio
287 517 596 556 venissec‚.,<licitum
626 528 689 548 non
718 518 761 549 sic
790 517 951 553 accedere;
993 519 1070 549 read
1093 519 1174 550 with
1201 519 1267 551 ΡΤ.
1292 520 1329 551 in

128 559 256 590 Jordan
273 560 329 600 qui
345 562 439 592 cum.’
474 561 515 591 R.
527 559 576 601 S.]

192 625 223 667 [ξ
245 636 290 669 19.
307 627 328 658 1.
347 637 375 667 3.
421 627 585 667 copulatus
593 627 674 667 fuit.
722 628 783 659 See
802 627 967 669 Madvig's
987 638 1091 669 essay,
1122 627 1325 659 ‘Discrimen

127 670 306 701 formarum
316 675 442 702 amatus
456 681 527 702 sum
542 674 576 702 et
587 675 714 702 amatus
723 671 783 711 fui
797 682 818 702 a
828 671 993 702 veteribus
1006 674 1039 702 et
1051 671 1147 702 bonis
1162 671 1326 712 scriptori-

127 713 188 744 bus
211 714 476 746 constantissime
495 715 688 753 servatum,’
712 716 746 745 in
769 715 820 746 his
843 715 1001 756 opuscula
1023 723 1060 746 11.
1090 715 1151 745 218
1162 725 1241 756 seq„
1259 725 1323 757 esp.

127 767 155 798 p.
176 767 253 798 219:
281 758 536 790 ‘cum...Latine
551 758 701 798 dicimus,
722 758 813 790 verbi
828 769 934 798 causa,
945 758 1052 798 fiaeum
1067 761 1127 797 est,
1146 761 1325 800 utrumque

125 801 304 841 significari
324 802 444 843 potest,
467 805 501 833 et
520 801 630 833 fixisse
645 802 799 843 aliquem,
818 802 989 843 participio
1010 804 1044 833 et
1059 802 1158 833 verbo
1173 802 1323 834 substan-

125 844 195 875 tivo
218 844 252 875 in
276 856 377 876 unam
400 845 567 877 notionem
591 845 727 887 pei-fecti
749 845 871 887 passivi
890 845 1158 884 coalescentibus,
1182 849 1215 876 et
1237 855 1324 877 nunc

125 887 207 918 illud
222 889 325 920 fixum
342 899 483 928 manere,
501 892 538 920 ut
553 889 766 931 participium
786 892 912 921 statum
928 889 1072 930 aliquem
1086 889 1133 920 rei
1149 889 1321 930 significet,

125 931 272 970 verbum,
293 943 367 963 eum
383 935 508 964 statum
523 943 613 964 nunc
629 943 706 964 esse.
753 933 787 963 N
789 943 826 964 ec
846 932 933 963 enim
950 932 1092 963 Latinus
1113 943 1219 963 sermo
1234 943 1323 974 prae-

125 975 259 1006 teritum
283 980 413 1017 tempus
439 977 486 1007 rei
509 980 622 1017 gestae
649 979 683 1008 et
714 986 866 1018 praesens
894 976 941 1006 rei
972 975 1099 1016 agendo
1130 976 1266 1007 effectae
1291 980 1324 1008 et

125 1019 287 1050 manentis
313 1022 394 1050 nota
417 1020 486 1051 ulla
511 1020 693 1061 distinguit.
743 1019 827 1051 Cum
852 1023 962 1050 autem
978 1019 1084 1058 flocum
1099 1018 1170 1059 fuit
1193 1019 1321 1057 dicitur,

124 1073 226 1093 unum
249 1063 463 1103 significatur,
490 1064 703 1104 praeteritum
727 1067 858 1105 tempus
881 1063 927 1093 rei
954 1063 1087 1094 effectae
1110 1066 1144 1094 et
1170 1063 1205 1094 in
1231 1066 1322 1096 statu

123 1105 233 1146 aliquo
252 1107 424 1143 manentis,
442 1110 480 1138 ut
498 1107 671 1148 participio
689 1110 806 1146 status,
831 1107 931 1137 verbo
955 1117 1029 1137 euin
1052 1106 1162 1144 fuisse,
1181 1106 1323 1138 declare-

123 1149 198 1180 tur!
242 1150 290 1180 Cf.
310 1149 441 1192 Zumpt,
462 1151 478 1188 ἓ
495 1160 566 1192 592,
586 1151 736 1192 Madvig,
755 1151 771 1189 ξ
787 1149 876 1191 344.]

187 1215 219 1258 [ἓ
231 1226 281 1247 21.
299 1216 319 1247 l.
336 1227 377 1256 30
387 1228 417 1248 n.
468 1217 548 1248 Add
568 1218 576 1233 ‘
590 1217 632 1247 So
649 1217 682 1247 in
699 1216 809 1247 Plaut.
829 1216 979 1247 Trinum.
998 1216 1019 1246 l.
1040 1225 1090 1256 34,
1110 1223 1148 1256 35
1166 1214 1317 1256 (Ritschl,

122 1259 280 1300 nimioque
302 1259 352 1291 laic
373 1260 482 1300 pluris
500 1260 697 1300 pauciorum
717 1259 854 1300 qratiam
876 1260 879 1295 Ι
894 1259 1030 1299 faciunt
1053 1269 1134 1298 pars
1159 1258 1322 1290 hominum

122 1313 217 1343 quam
233 1303 271 1334 id
286 1314 346 1344 quo
359 1304 485 1343 prosint
497 1304 661 1344 pluribus)
678 1303 755 1335 read
770 1303 849 1334 with
863 1303 897 1334 A
912 1302 996 1343 qaod
1010 1302 1155 1342 prosint)
1202 1302 1243 1334 R.
1259 1301 1310 1343 S.]

187 1368 216 1408 [ξ
234 1377 283 1408 25.
308 1369 326 1399 Ι.
350 1377 431 1407 1311.
482 1369 557 1399 Add
586 1368 841 1399 ‘Drakenborch
865 1378 907 1398 on
936 1368 1010 1399 Liv.
1038 1375 1156 1398 XXXVI.
1182 1377 1233 1407 40.
1257 1367 1318 1407 §9.

124 1412 196 1442 Liv.
214 1420 305 1443 xxu.
326 1422 376 1452 30.
395 1416 410 1452 ξ
428 1425 464 1452 4:
491 1417 639 1444 oneratus
655 1411 758 1452 massis
774 1422 870 1452 qnam
885 1411 1081 1442 houm-auos?
1126 1410 1167 1442 R.
1184 1409 1234 1452 S.]

186 1478 215 1517 [ἓ
235 1488 303 1518 ¹04-
321 1479 341 1510 l.
364 1479 401 1510 18
418 1491 450 1510 n.
501 1479 591 1510 ‘Teia
612 1479 744 1510 Phorm.
764 1486 818 1509 111.
839 1486 868 1515 3.
889 1479 945 1510 28:
971 1477 1146 1509 Praestost:
1170 1476 1318 1508 audacis-

121 1532 206 1552 sume
220 1522 323 1553 oneris
338 1522 463 1562 quidvis
477 1523 611 1563 impone,
625 1526 652 1553 ct
662 1522 757 1562 feret.
799 1522 896 1552 Some
911 1522 991 1552 time
1006 1532 1068 1561 ago
1081 1521 1099 1551 I
1111 1520 1320 1562 conjectured

121 1564 230 1605 ecferet
254 1566 465 1608 (anticipated
491 1567 535 1607 by
559 1566 774 1605 Fleckeisen).
821 1565 892 1596 The
914 1575 1014 1606 usage
1036 1564 1071 1595 of
1100 1567 1192 1606 poets
1212 1564 1319 1595 before

121 1608 271 1640 Seneca-’s
291 1610 370 1640 time
394 1610 421 1641 is
447 1610 663 1651 occasionally
685 1619 868 1650 cong-mous
894 1611 928 1639 to
952 1608 1008 1639 the
1034 1607 1145 1639 Greek
1170 1607 1236 1639 and
1260 1618 1320 1638 our

121 1663 203 1684 own.
250 1653 346 1694 Virg.
375 1654 432 1685 ecl.
460 1662 509 1685 111.
541 1661 610 1693 105,
644 1662 712 1693 107,
742 1653 810 1683 108.
869 1652 920 1683 On
959 1651 1040 1682 Luc.
1067 1660 1114 1683 1v.
1141 1649 1215 1691 486,
1240 1652 1321 1691 487⁴

121 1697 253 1728 eortius
269 1697 349 1728 cites
364 1708 517 1739 passages
532 1698 617 1728 from
634 1698 811 1737 Augustam
827 1707 885 1737 age
900 1696 1013 1736 poets.'
1060 1695 1100 1727 R.
1118 1695 1170 1735 S.]

186 1762 216 1802 [ἓ
238 1762 344 1794 110.1.
363 1762 382 1793 6
399 1774 432 1795 n.
481 1762 595 1795 Madv.
621 1773 662 1793 on
691 1762 757 1793 Cic.
784 1761 823 1792 de
848 1762 904 1792 fin.
927 1770 950 1792 1.
969 1762 984 1799 ἓ
1006 1769 1054 1800 15:
1084 1760 1142 1792 ‘de
1162 1762 1244 1791 orat.
1263 1761 1319 1798 ις

125 1805 193 1837 161.
241 1806 312 1837 The
328 1806 452 1838 Greeks
468 1807 566 1837 make
580 1806 648 1837 this
662 1806 714 1836 far
729 1805 855 1846 plainer
870 1805 952 1836 than
968 1805 1025 1835 the
1042 1804 1158 1835 Latius
1174 1804 1218 1845 by
1232 1802 1320 1834 their

119 1852 184 1888 μέν.
232 1850 249 1880 Ι
266 1850 390 1881 believe
407 1851 425 1881 Ι
442 1861 497 1882 am
520 1850 609 1891 right
631 1850 666 1880 in
686 1859 743 1890 my
766 1859 842 1880 ann.
861 1848 931 1880 crit.
954 1848 1047 1879 Dem.
1070 1847 1108 1879 F.
1127 1846 1167 1878 L.
1185 1848 1202 1885 ἓ
1220 1856 1257 1888 91
1283 1845 1318 1877 in

118 1904 175 1935 my
196 1894 355 1925 insertion
377 1895 413 1924 of
439 1895 496 1933 μὲν
516 1894 602 1925 after
623 1894 849 1933 προσκυνοῖμεν
874 1892 907 1922 in
933 1891 1019 1923 Plat.
1039 1899 1094 1922 ΙΙΙ.
1112 1891 1194 1932 Rep.
1217 1891 1279 1932 398
1294 1898 1318 1920 A

120 1937 264 1977 (Bekker
279 1941 430 1978 suggests
446 1949 466 1969 a
480 1938 605 1968 similar
618 1936 779 1968 insertion
794 1936 829 1966 in
849 1944 874 1967 Ι.
895 1935 976 1976 Rep.
995 1943 1057 1974 340
1068 1934 1112 1973 D).
1160 1934 1179 1964 I
1195 1933 1318 1975 always

118 1981 243 2012 marvel
264 1981 339 2012 that
360 1981 395 2012 in
419 1982 514 2013 Dem.
541 1981 627 2012 Mid.
644 1992 676 2022 p.
695 1981 768 2020 583,
785 1970 893 2019 3271,
918 1978 1024 2010 Bekk.
1053 1978 1315 2016 Oxon.=§·215‚

117 2026 175 2062 μὲν
199 2024 317 2056 should
343 2025 383 2056 be
406 2024 544 2056 omitted
568 2025 613 2066 by
637 2035 673 2055 so
692 2034 794 2064 many
815 2022 917 2054 MSS.
963 2021 1033 2053 The
1055 2031 1144 2052 same
1166 2021 1318 2051 however

121 2069 213 2107 (with
239 2077 301 2100 one
326 2080 363 2100 or
386 2072 453 2100 two
477 2068 578 2104 more)
605 2068 686 2098 omit
712 2068 746 2098 δὲ
769 2067 803 2097 in
828 2066 884 2097 the
904 2065 1023 2096 second
1051 2065 1170 2096 clause.
1218 2063 1238 2096 I
1263 2073 1317 2095 am

118 2112 185 2144 still
200 2112 472 2154 more'surprised
487 2112 611 2143 thatin
627 2112 660 2143 S.
683 2111 766 2142 Paul
784 2110 878 2141 Rom.
896 2109 939 2141 vi.
967 2115 1013 2149 17,
1035 2109 1093 2147 μὲν
1114 2108 1142 2139 is
1164 2105 1314 2157 omitted.

118 2156 235 2197 Surely
251 2156 323 2187 God
347 2156 376 2187 is
399 2159 458 2187 not
480 2154 627 2186 thanked
650 2155 725 2186 that
748 2164 823 2184 men
839 2163 924 2184 were
946 2152 1004 2184 the
1025 2153 1177 2183 servants
1198 2150 1236 2182 of
1254 2159 1314 2181 sm.

119 2200 153 2230 Is
175 2200 202 2230 it
224 2200 360 2230 fanciful
384 2200 414 2229 in
438 2210 449 2230 1
471 2199 618 2230 Corinth.
637 2198 705 2230 viii.
727 2207 754 2237 1,
773 2209 803 2237 4,
830 2200 866 2228 to
888 2196 1076 2237 conjecture
1097 2195 1168 2226 οῖδα
1187 2194 1245 2232 μὲν
1266 2193 1317 2224 for

119 2243 281 2282 οἴδαμεν2’
329 2243 368 2274 R.
388 2244 438 2283 S.]
1257 2259 1260 2262 x
