<?xml version="1.0" encoding="UTF-8"?>
<!DOCTYPE html PUBLIC "-//W3C//DTD XHTML 1.0 Transitional//EN"
    "http://www.w3.org/TR/xhtml1/DTD/xhtml1-transitional.dtd">
<html xmlns="http://www.w3.org/1999/xhtml" xml:lang="en" lang="en">
 <head>
  <title>
</title>
<meta http-equiv="Content-Type" content="text/html;charset=utf-8" />
  <meta name='ocr-system' content='tesseract 3.04.00' />
  <meta name='ocr-capabilities' content='ocr_page ocr_carea ocr_par ocr_line ocrx_word'/>
</head>
<body>
  <div class='ocr_page' id='page_1' title='image "./secondphilippic00cice_0080.png"; bbox 0 0 1396 2436; ppageno 0'>
   <div class='ocr_carea' id='block_1_1' title="bbox 111 99 1027 142">
    <p class='ocr_par' dir='ltr' id='par_1_1' title="bbox 111 99 1027 142">
     <span class='ocr_line' id='line_1_1' title="bbox 111 99 1027 142; baseline 0.004 -6"><span class='ocrx_word' id='word_1_1' title='bbox 111 99 162 136; x_wconf 78' lang='lat'>20</span> <span class='ocrx_word' id='word_1_2' title='bbox 409 101 466 138; x_wconf 89' lang='lat' dir='ltr'>M.</span> <span class='ocrx_word' id='word_1_3' title='bbox 499 101 698 138; x_wconf 79' lang='lat' dir='ltr'><em>TULLII</em></span> <span class='ocrx_word' id='word_1_4' title='bbox 724 101 1027 142; x_wconf 77' lang='lat' dir='ltr'><em>CICERONIS</em></span> 
     </span>
    </p>
   </div>
   <div class='ocr_carea' id='block_1_2' title="bbox 0 192 1310 273">
    <p class='ocr_par' dir='ltr' id='par_1_2' title="bbox 0 192 1310 273">
     <span class='ocr_line' id='line_1_2' title="bbox 0 192 1310 273; baseline 0.004 -34"><span class='ocrx_word' id='word_1_5' title='bbox 0 192 99 273; x_wconf 42' lang='grc' dir='ltr'>μή</span> <span class='ocrx_word' id='word_1_6' title='bbox 109 203 188 240; x_wconf 88' lang='lat' dir='ltr'>iam</span> <span class='ocrx_word' id='word_1_7' title='bbox 206 206 345 258; x_wconf 64' lang='lat' dir='ltr'>stra</span> <span class='ocrx_word' id='word_1_8' title='bbox 363 207 404 242; x_wconf 87' lang='lat' dir='ltr'>et</span> <span class='ocrx_word' id='word_1_9' title='bbox 422 204 573 255; x_wconf 86' lang='lat' dir='ltr'>flagitia</span> <span class='ocrx_word' id='word_1_10' title='bbox 592 205 822 243; x_wconf 86' lang='lat' dir='ltr'>omittamus</span> <span class='ocrx_word' id='word_1_11' title='bbox 838 219 846 244; x_wconf 92' lang='lat'><strong>:</strong></span> <span class='ocrx_word' id='word_1_12' title='bbox 875 211 968 243; x_wconf 85' lang='lat' dir='ltr'>sunt</span> <span class='ocrx_word' id='word_1_13' title='bbox 988 206 1190 257; x_wconf 80' lang='lat' dir='ltr'><strong>quaedam,</strong></span> <span class='ocrx_word' id='word_1_14' title='bbox 1209 219 1310 257; x_wconf 77' lang='lat' dir='ltr'>quae</span> 
     </span>
    </p>
   </div>
   <div class='ocr_carea' id='block_1_3' title="bbox 106 267 1351 521">
    <p class='ocr_par' dir='ltr' id='par_1_3' title="bbox 106 267 1351 521">
     <span class='ocr_line' id='line_1_3' title="bbox 107 267 1309 321; baseline 0.002 -16"><span class='ocrx_word' id='word_1_15' title='bbox 107 267 270 306; x_wconf 84' lang='lat' dir='ltr'>honeste</span> <span class='ocrx_word' id='word_1_16' title='bbox 288 281 368 306; x_wconf 90' lang='lat' dir='ltr'>non</span> <span class='ocrx_word' id='word_1_17' title='bbox 387 282 543 319; x_wconf 87' lang='lat' dir='ltr'>possum</span> <span class='ocrx_word' id='word_1_18' title='bbox 563 269 701 317; x_wconf 85' lang='lat' dir='ltr'>dicere,</span> <span class='ocrx_word' id='word_1_19' title='bbox 729 273 775 307; x_wconf 89' lang='lat' dir='ltr'>tu</span> <span class='ocrx_word' id='word_1_20' title='bbox 793 273 926 318; x_wconf 82' lang='lat' dir='ltr'>autem</span> <span class='ocrx_word' id='word_1_21' title='bbox 945 284 990 308; x_wconf 93' lang='lat' dir='ltr'>eo</span> <span class='ocrx_word' id='word_1_22' title='bbox 1008 270 1178 318; x_wconf 85' lang='lat' dir='ltr'>liberior,</span> <span class='ocrx_word' id='word_1_23' title='bbox 1205 271 1309 321; x_wconf 91' lang='lat' dir='ltr'>quod</span> 
     </span>
     <span class='ocr_line' id='line_1_4' title="bbox 107 332 1351 391; baseline 0.002 -21"><span class='ocrx_word' id='word_1_24' title='bbox 107 345 153 370; x_wconf 86' lang='lat' dir='ltr'>ea</span> <span class='ocrx_word' id='word_1_25' title='bbox 170 332 213 370; x_wconf 88' lang='lat' dir='ltr'>in</span> <span class='ocrx_word' id='word_1_26' title='bbox 227 337 267 371; x_wconf 88' lang='lat' dir='ltr'>te</span> <span class='ocrx_word' id='word_1_27' title='bbox 285 333 488 381; x_wconf 72' lang='lat' dir='ltr'>admisisti,</span> <span class='ocrx_word' id='word_1_28' title='bbox 505 347 606 384; x_wconf 87' lang='lat' dir='ltr'>quae</span> <span class='ocrx_word' id='word_1_29' title='bbox 621 347 645 371; x_wconf 88' lang='lat' dir='ltr'>a</span> <span class='ocrx_word' id='word_1_30' title='bbox 662 335 882 372; x_wconf 80' lang='lat' dir='ltr'>verecundo</span> <span class='ocrx_word' id='word_1_31' title='bbox 900 335 1059 373; x_wconf 88' lang='lat' dir='ltr'>inimico</span> <span class='ocrx_word' id='word_1_32' title='bbox 1073 335 1210 373; x_wconf 89' lang='lat' dir='ltr'>audire</span> <span class='ocrx_word' id='word_1_33' title='bbox 1228 348 1307 373; x_wconf 91' lang='lat' dir='ltr'>non</span> <span class='ocrx_word' id='word_1_34' title='bbox 1346 383 1351 391; x_wconf 33' lang='lat'>⁸</span> 
     </span>
     <span class='ocr_line' id='line_1_5' title="bbox 106 397 1306 451; baseline 0.003 -16"><span class='ocrx_word' id='word_1_35' title='bbox 106 410 246 447; x_wconf 86' lang='lat' dir='ltr'>posses.</span> <span class='ocrx_word' id='word_1_36' title='bbox 305 397 380 436; x_wconf 83' lang='lat' dir='ltr'>Sed</span> <span class='ocrx_word' id='word_1_37' title='bbox 399 399 597 449; x_wconf 83' lang='lat' dir='ltr'>reliquum</span> <span class='ocrx_word' id='word_1_38' title='bbox 616 399 721 437; x_wconf 86' lang='lat' dir='ltr'>vitae</span> <span class='ocrx_word' id='word_1_39' title='bbox 741 413 897 437; x_wconf 88' lang='lat' dir='ltr'>cursum</span> <span class='ocrx_word' id='word_1_40' title='bbox 916 400 1058 447; x_wconf 84' lang='lat' dir='ltr'>videte,</span> <span class='ocrx_word' id='word_1_41' title='bbox 1079 413 1196 450; x_wconf 88' lang='lat' dir='ltr'>quem</span> <span class='ocrx_word' id='word_1_42' title='bbox 1222 401 1306 451; x_wconf 91' lang='lat' dir='ltr'>qui-</span> 
     </span>
     <span class='ocr_line' id='line_1_6' title="bbox 107 463 1333 521; baseline 0.002 -21"><span class='ocrx_word' id='word_1_43' title='bbox 107 463 195 501; x_wconf 90' lang='lat' dir='ltr'>dem</span> <span class='ocrx_word' id='word_1_44' title='bbox 220 463 400 502; x_wconf 91' lang='lat' dir='ltr'>celeriter</span> <span class='ocrx_word' id='word_1_45' title='bbox 425 464 695 521; x_wconf 46' lang='lat' dir='ltr'>perffitringam.</span> <span class='ocrx_word' id='word_1_46' title='bbox 754 464 823 502; x_wconf 90' lang='lat' dir='ltr'>Ad</span> <span class='ocrx_word' id='word_1_47' title='bbox 854 465 949 503; x_wconf 90' lang='lat' dir='ltr'>haec</span> <span class='ocrx_word' id='word_1_48' title='bbox 982 465 1098 513; x_wconf 87' lang='lat' dir='ltr'>enim,</span> <span class='ocrx_word' id='word_1_49' title='bbox 1131 479 1231 515; x_wconf 83' lang='lat' dir='ltr'>quae</span> <span class='ocrx_word' id='word_1_50' title='bbox 1264 467 1304 504; x_wconf 90' lang='lat' dir='ltr'>in</span> <span class='ocrx_word' id='word_1_51' title='bbox 1316 475 1333 502; x_wconf 73' lang='lat'><em>⁵</em></span> 
     </span>
    </p>
   </div>
   <div class='ocr_carea' id='block_1_4' title="bbox 92 529 1396 620">
    <p class='ocr_par' dir='ltr' id='par_1_4' title="bbox 92 529 1396 620">
     <span class='ocr_line' id='line_1_7' title="bbox 92 529 1396 620; baseline 0.002 -54"><span class='ocrx_word' id='word_1_52' title='bbox 92 529 215 567; x_wconf 33' lang='lat' dir='ltr'>*civili</span> <span class='ocrx_word' id='word_1_53' title='bbox 239 529 352 577; x_wconf 90' lang='lat' dir='ltr'>bello,</span> <span class='ocrx_word' id='word_1_54' title='bbox 376 530 427 582; x_wconf 71' lang='lat' dir='ltr'>in¹</span> <span class='ocrx_word' id='word_1_55' title='bbox 448 529 631 566; x_wconf 82' lang='lat' dir='ltr'>maximis</span> <span class='ocrx_word' id='word_1_56' title='bbox 658 529 715 566; x_wconf 90' lang='lat' dir='ltr'>rei</span> <span class='ocrx_word' id='word_1_57' title='bbox 737 529 915 579; x_wconf 84' lang='lat' dir='ltr'>publicae</span> <span class='ocrx_word' id='word_1_58' title='bbox 942 530 1109 567; x_wconf 88' lang='lat' dir='ltr'>miseriis</span> <span class='ocrx_word' id='word_1_59' title='bbox 1133 530 1236 578; x_wconf 87' lang='lat' dir='ltr'>fecit,</span> <span class='ocrx_word' id='word_1_60' title='bbox 1266 535 1396 620; x_wconf 54' lang='lat' dir='ltr'>etwdm</span> 
     </span>
    </p>
   </div>
   <div class='ocr_carea' id='block_1_5' title="bbox 102 595 1345 1169">
    <p class='ocr_par' dir='ltr' id='par_1_5' title="bbox 102 595 1345 962">
     <span class='ocr_line' id='line_1_8' title="bbox 105 595 1299 653; baseline 0 -19"><span class='ocrx_word' id='word_1_61' title='bbox 105 595 154 634; x_wconf 87' lang='lat' dir='ltr'>ad</span> <span class='ocrx_word' id='word_1_62' title='bbox 173 609 227 643; x_wconf 84' lang='lat' dir='ltr'>ea,</span> <span class='ocrx_word' id='word_1_63' title='bbox 252 609 352 647; x_wconf 83' lang='lat' dir='ltr'>quae</span> <span class='ocrx_word' id='word_1_64' title='bbox 375 596 519 634; x_wconf 90' lang='lat' dir='ltr'>cotidie</span> <span class='ocrx_word' id='word_1_65' title='bbox 545 596 650 642; x_wconf 85' lang='lat' dir='ltr'>facit,</span> <span class='ocrx_word' id='word_1_66' title='bbox 670 595 830 653; x_wconf 52' lang='lat' dir='ltr'>fefflnafi</span> <span class='ocrx_word' id='word_1_67' title='bbox 848 596 1012 645; x_wconf 56' lang='lat' dir='ltr'>anus.</span> <span class='ocrx_word' id='word_1_68' title='bbox 1072 595 1181 642; x_wconf 84' lang='lat' dir='ltr'>Quae</span> <span class='ocrx_word' id='word_1_69' title='bbox 1199 600 1299 647; x_wconf 88' lang='lat' dir='ltr'>peto,</span> 
     </span>
     <span class='ocr_line' id='line_1_9' title="bbox 105 661 1300 712; baseline 0.001 -13"><span class='ocrx_word' id='word_1_70' title='bbox 105 665 152 699; x_wconf 92' lang='lat' dir='ltr'>ut</span> <span class='ocrx_word' id='word_1_71' title='bbox 180 674 418 712; x_wconf 85' lang='lat' dir='ltr'>quamquam</span> <span class='ocrx_word' id='word_1_72' title='bbox 446 661 573 699; x_wconf 90' lang='lat' dir='ltr'>multo</span> <span class='ocrx_word' id='word_1_73' title='bbox 606 661 760 699; x_wconf 86' lang='lat' dir='ltr'>notiora</span> <span class='ocrx_word' id='word_1_74' title='bbox 787 661 897 699; x_wconf 87' lang='lat' dir='ltr'>vobis</span> <span class='ocrx_word' id='word_1_75' title='bbox 924 675 1043 712; x_wconf 85' lang='lat' dir='ltr'>quam</span> <span class='ocrx_word' id='word_1_76' title='bbox 1071 662 1171 700; x_wconf 87' lang='lat' dir='ltr'>mihi</span> <span class='ocrx_word' id='word_1_77' title='bbox 1197 666 1300 711; x_wconf 87' lang='lat' dir='ltr'>sunt,</span> 
     </span>
     <span class='ocr_line' id='line_1_10' title="bbox 104 727 1304 775; baseline 0.002 -11"><span class='ocrx_word' id='word_1_78' title='bbox 104 730 248 775; x_wconf 84' lang='lat' dir='ltr'>tamen,</span> <span class='ocrx_word' id='word_1_79' title='bbox 275 731 323 765; x_wconf 88' lang='lat' dir='ltr'>ut</span> <span class='ocrx_word' id='word_1_80' title='bbox 341 727 480 774; x_wconf 87' lang='lat' dir='ltr'>facitis,</span> <span class='ocrx_word' id='word_1_81' title='bbox 509 730 662 765; x_wconf 90' lang='lat' dir='ltr'>attente</span> <span class='ocrx_word' id='word_1_82' title='bbox 681 727 850 764; x_wconf 87' lang='lat' dir='ltr'>audiatis</span> <span class='ocrx_word' id='word_1_83' title='bbox 859 740 871 775; x_wconf 84' lang='lat'>;</span> <span class='ocrx_word' id='word_1_84' title='bbox 899 727 1014 765; x_wconf 88' lang='lat' dir='ltr'>debet</span> <span class='ocrx_word' id='word_1_85' title='bbox 1034 728 1140 765; x_wconf 88' lang='lat' dir='ltr'>enim</span> <span class='ocrx_word' id='word_1_86' title='bbox 1158 728 1304 766; x_wconf 87' lang='lat' dir='ltr'>talibus</span> 
     </span>
     <span class='ocr_line' id='line_1_11' title="bbox 103 781 1345 842; baseline 0.004 -14"><span class='ocrx_word' id='word_1_87' title='bbox 103 791 147 829; x_wconf 90' lang='lat' dir='ltr'>in</span> <span class='ocrx_word' id='word_1_88' title='bbox 174 791 290 829; x_wconf 85' lang='lat' dir='ltr'>rebus</span> <span class='ocrx_word' id='word_1_89' title='bbox 318 792 491 829; x_wconf 84' lang='lat' dir='ltr'>excitare</span> <span class='ocrx_word' id='word_1_90' title='bbox 519 791 670 829; x_wconf 82' lang='lat' dir='ltr'>animos</span> <span class='ocrx_word' id='word_1_91' title='bbox 697 805 777 829; x_wconf 89' lang='lat' dir='ltr'>non</span> <span class='ocrx_word' id='word_1_92' title='bbox 805 781 976 842; x_wconf 73' lang='lat' dir='ltr'>cognitio</span> <span class='ocrx_word' id='word_1_93' title='bbox 1004 792 1131 830; x_wconf 83' lang='lat' dir='ltr'>solum</span> <span class='ocrx_word' id='word_1_94' title='bbox 1158 806 1300 842; x_wconf 89' lang='lat' dir='ltr'>rerum,</span> <span class='ocrx_word' id='word_1_95' title='bbox 1317 809 1345 835; x_wconf 83' lang='grc' dir='ltr'>ιο</span> 
     </span>
     <span class='ocr_line' id='line_1_12' title="bbox 102 856 1300 908; baseline 0.001 -12"><span class='ocrx_word' id='word_1_96' title='bbox 102 859 169 896; x_wconf 86' lang='lat' dir='ltr'>sed</span> <span class='ocrx_word' id='word_1_97' title='bbox 197 859 317 896; x_wconf 89' lang='lat' dir='ltr'>etiam</span> <span class='ocrx_word' id='word_1_98' title='bbox 346 857 585 896; x_wconf 84' lang='lat' dir='ltr'>recordatio:</span> <span class='ocrx_word' id='word_1_99' title='bbox 624 857 698 895; x_wconf 83' lang='lat' dir='ltr'>etsi</span> <span class='ocrx_word' id='word_1_100' title='bbox 725 856 953 905; x_wconf 82' lang='lat' dir='ltr'>incidamus,</span> <span class='ocrx_word' id='word_1_101' title='bbox 981 858 1129 908; x_wconf 88' lang='lat' dir='ltr'>opinor,</span> <span class='ocrx_word' id='word_1_102' title='bbox 1161 859 1300 907; x_wconf 79' lang='lat' dir='ltr'>media,</span> 
     </span>
     <span class='ocr_line' id='line_1_13' title="bbox 102 923 886 962; baseline 0 0"><span class='ocrx_word' id='word_1_103' title='bbox 102 936 152 962; x_wconf 85' lang='lat' dir='ltr'>ne</span> <span class='ocrx_word' id='word_1_104' title='bbox 170 924 288 962; x_wconf 86' lang='lat' dir='ltr'>nimis</span> <span class='ocrx_word' id='word_1_105' title='bbox 307 937 391 962; x_wconf 87' lang='lat' dir='ltr'>sero</span> <span class='ocrx_word' id='word_1_106' title='bbox 410 924 460 962; x_wconf 89' lang='lat' dir='ltr'>ad</span> <span class='ocrx_word' id='word_1_107' title='bbox 478 927 656 962; x_wconf 81' lang='lat' dir='ltr'>extrema</span> <span class='ocrx_word' id='word_1_108' title='bbox 674 923 886 962; x_wconf 82' lang='lat' dir='ltr'>veniamus.</span> 
     </span>
    </p>

    <p class='ocr_par' dir='ltr' id='par_1_6' title="bbox 102 987 1342 1169">
     <span class='ocr_line' id='line_1_14' title="bbox 187 987 1304 1039; baseline 0.002 -13"><span class='ocrx_word' id='word_1_109' title='bbox 187 988 247 1026; x_wconf 87' lang='lat'>48.</span> <span class='ocrx_word' id='word_1_110' title='bbox 309 988 481 1025; x_wconf 86' lang='lat' dir='ltr'>Intimus</span> <span class='ocrx_word' id='word_1_111' title='bbox 511 990 597 1025; x_wconf 88' lang='lat' dir='ltr'>erat</span> <span class='ocrx_word' id='word_1_112' title='bbox 628 987 671 1024; x_wconf 91' lang='lat' dir='ltr'>in</span> <span class='ocrx_word' id='word_1_113' title='bbox 704 987 910 1025; x_wconf 87' lang='lat' dir='ltr'>tribunatu</span> <span class='ocrx_word' id='word_1_114' title='bbox 944 987 1092 1036; x_wconf 83' lang='lat' dir='ltr'>Clodio,</span> <span class='ocrx_word' id='word_1_115' title='bbox 1127 989 1195 1039; x_wconf 91' lang='lat' dir='ltr'>qui</span> <span class='ocrx_word' id='word_1_116' title='bbox 1233 1003 1304 1028; x_wconf 84' lang='lat' dir='ltr'>sua</span> 
     </span>
     <span class='ocr_line' id='line_1_15' title="bbox 103 1054 1302 1107; baseline -0.002 -13"><span class='ocrx_word' id='word_1_117' title='bbox 103 1069 195 1107; x_wconf 87' lang='lat' dir='ltr'>erga</span> <span class='ocrx_word' id='word_1_118' title='bbox 221 1069 285 1093; x_wconf 91' lang='lat' dir='ltr'>me</span> <span class='ocrx_word' id='word_1_119' title='bbox 312 1054 500 1092; x_wconf 88' lang='lat' dir='ltr'>beneficia</span> <span class='ocrx_word' id='word_1_120' title='bbox 528 1057 827 1101; x_wconf 67' lang='lat' dir='ltr'>commemorat,</span> <span class='ocrx_word' id='word_1_121' title='bbox 857 1054 939 1091; x_wconf 78' lang='lat' dir='ltr'>eius</span> <span class='ocrx_word' id='word_1_122' title='bbox 967 1054 1143 1091; x_wconf 86' lang='lat' dir='ltr'>omnium</span> <span class='ocrx_word' id='word_1_123' title='bbox 1173 1055 1302 1092; x_wconf 89' lang='lat' dir='ltr'>incen-</span> 
     </span>
     <span class='ocr_line' id='line_1_16' title="bbox 102 1118 1342 1169; baseline 0.001 -12"><span class='ocrx_word' id='word_1_124' title='bbox 102 1121 257 1159; x_wconf 83' lang='lat' dir='ltr'>diorum</span> <span class='ocrx_word' id='word_1_125' title='bbox 277 1121 354 1167; x_wconf 85' lang='lat' dir='ltr'>fax,</span> <span class='ocrx_word' id='word_1_126' title='bbox 383 1119 494 1157; x_wconf 91' lang='lat' dir='ltr'>cuius</span> <span class='ocrx_word' id='word_1_127' title='bbox 514 1120 632 1157; x_wconf 86' lang='lat' dir='ltr'>etiam</span> <span class='ocrx_word' id='word_1_128' title='bbox 651 1119 757 1156; x_wconf 89' lang='lat' dir='ltr'>domi</span> <span class='ocrx_word' id='word_1_129' title='bbox 782 1118 861 1156; x_wconf 86' lang='lat' dir='ltr'>iam</span> <span class='ocrx_word' id='word_1_130' title='bbox 880 1123 966 1156; x_wconf 88' lang='lat' dir='ltr'>tum</span> <span class='ocrx_word' id='word_1_131' title='bbox 986 1118 1171 1169; x_wconf 83' lang='lat' dir='ltr'>quiddam</span> <span class='ocrx_word' id='word_1_132' title='bbox 1192 1119 1301 1158; x_wconf 89' lang='lat' dir='ltr'>moli·</span> <span class='ocrx_word' id='word_1_133' title='bbox 1314 1139 1342 1164; x_wconf 73' lang='lat'>15</span> 
     </span>
    </p>
   </div>
   <div class='ocr_carea' id='block_1_6' title="bbox 79 1173 1302 1245">
    <p class='ocr_par' dir='ltr' id='par_1_7' title="bbox 79 1173 1302 1245">
     <span class='ocr_line' id='line_1_17' title="bbox 79 1173 1302 1245; baseline 0.001 -22"><span class='ocrx_word' id='word_1_134' title='bbox 79 1173 83 1181; x_wconf 49' lang='lat'>⁵</span> <span class='ocrx_word' id='word_1_135' title='bbox 103 1189 169 1245; x_wconf 43' lang='grc' dir='ltr'>αξ,</span> <span class='ocrx_word' id='word_1_136' title='bbox 189 1189 255 1223; x_wconf 87' lang='lat' dir='ltr'>est.</span> <span class='ocrx_word' id='word_1_137' title='bbox 315 1185 421 1230; x_wconf 89' lang='lat' dir='ltr'>Quid</span> <span class='ocrx_word' id='word_1_138' title='bbox 440 1185 567 1222; x_wconf 84' lang='lat' dir='ltr'>dicam</span> <span class='ocrx_word' id='word_1_139' title='bbox 586 1184 669 1234; x_wconf 85' lang='lat' dir='ltr'>ipse</span> <span class='ocrx_word' id='word_1_140' title='bbox 688 1184 834 1234; x_wconf 87' lang='lat' dir='ltr'>optime</span> <span class='ocrx_word' id='word_1_141' title='bbox 853 1184 1056 1234; x_wconf 84' lang='lat' dir='ltr'>intellegit.</span> <span class='ocrx_word' id='word_1_142' title='bbox 1107 1184 1208 1223; x_wconf 89' lang='lat' dir='ltr'>Inde</span> <span class='ocrx_word' id='word_1_143' title='bbox 1225 1186 1302 1224; x_wconf 89' lang='lat' dir='ltr'>iter</span> 
     </span>
    </p>
   </div>
   <div class='ocr_carea' id='block_1_7' title="bbox 98 1249 1339 1691">
    <p class='ocr_par' dir='ltr' id='par_1_8' title="bbox 98 1249 1339 1691">
     <span class='ocr_line' id='line_1_18' title="bbox 101 1249 1300 1298; baseline -0.001 -9"><span class='ocrx_word' id='word_1_144' title='bbox 101 1250 392 1289; x_wconf 79' lang='lat' dir='ltr'>Alexandream</span> <span class='ocrx_word' id='word_1_145' title='bbox 413 1254 550 1288; x_wconf 89' lang='lat' dir='ltr'>contra</span> <span class='ocrx_word' id='word_1_146' title='bbox 568 1253 727 1288; x_wconf 86' lang='lat' dir='ltr'>senatus</span> <span class='ocrx_word' id='word_1_147' title='bbox 745 1249 1031 1298; x_wconf 83' lang='lat' dir='ltr'>auctoritatem,</span> <span class='ocrx_word' id='word_1_148' title='bbox 1061 1254 1199 1288; x_wconf 86' lang='lat' dir='ltr'>contra</span> <span class='ocrx_word' id='word_1_149' title='bbox 1216 1264 1300 1288; x_wconf 91' lang='lat' dir='ltr'>rem</span> 
     </span>
     <span class='ocr_line' id='line_1_19' title="bbox 100 1313 1297 1366; baseline 0 -13"><span class='ocrx_word' id='word_1_150' title='bbox 100 1316 297 1366; x_wconf 87' lang='lat' dir='ltr'>publicam</span> <span class='ocrx_word' id='word_1_151' title='bbox 318 1318 358 1353; x_wconf 92' lang='lat' dir='ltr'>et</span> <span class='ocrx_word' id='word_1_152' title='bbox 376 1315 604 1365; x_wconf 82' lang='lat' dir='ltr'>religiones:</span> <span class='ocrx_word' id='word_1_153' title='bbox 635 1313 702 1352; x_wconf 87' lang='lat' dir='ltr'>sed</span> <span class='ocrx_word' id='word_1_154' title='bbox 726 1313 896 1351; x_wconf 85' lang='lat' dir='ltr'>habebat</span> <span class='ocrx_word' id='word_1_155' title='bbox 915 1314 1052 1352; x_wconf 88' lang='lat' dir='ltr'>ducem</span> <span class='ocrx_word' id='word_1_156' title='bbox 1074 1315 1297 1363; x_wconf 88' lang='lat' dir='ltr'>Gabinium,</span> 
     </span>
     <span class='ocr_line' id='line_1_20' title="bbox 100 1380 1297 1433; baseline -0.002 -13"><span class='ocrx_word' id='word_1_157' title='bbox 100 1383 260 1433; x_wconf 89' lang='lat' dir='ltr'>quicum</span> <span class='ocrx_word' id='word_1_158' title='bbox 292 1381 450 1432; x_wconf 86' lang='lat' dir='ltr'>quidvis</span> <span class='ocrx_word' id='word_1_159' title='bbox 486 1380 702 1419; x_wconf 82' lang='lat' dir='ltr'>rectissime</span> <span class='ocrx_word' id='word_1_160' title='bbox 738 1380 862 1418; x_wconf 88' lang='lat' dir='ltr'>facere</span> <span class='ocrx_word' id='word_1_161' title='bbox 899 1384 1038 1430; x_wconf 87' lang='lat' dir='ltr'>posset.</span> <span class='ocrx_word' id='word_1_162' title='bbox 1097 1380 1176 1426; x_wconf 90' lang='lat' dir='ltr'>Qui</span> <span class='ocrx_word' id='word_1_163' title='bbox 1213 1383 1297 1418; x_wconf 84' lang='lat' dir='ltr'>tum</span> 
     </span>
     <span class='ocr_line' id='line_1_21' title="bbox 99 1445 1339 1497; baseline -0.001 -13"><span class='ocrx_word' id='word_1_164' title='bbox 99 1447 190 1485; x_wconf 85' lang='lat' dir='ltr'>inde</span> <span class='ocrx_word' id='word_1_165' title='bbox 209 1447 359 1485; x_wconf 89' lang='lat' dir='ltr'>reditus</span> <span class='ocrx_word' id='word_1_166' title='bbox 377 1450 447 1484; x_wconf 94' lang='lat' dir='ltr'>aut</span> <span class='ocrx_word' id='word_1_167' title='bbox 465 1446 615 1497; x_wconf 62' lang='lat' dir='ltr'>qualis?</span> <span class='ocrx_word' id='word_1_168' title='bbox 650 1446 759 1496; x_wconf 84' lang='lat' dir='ltr'>prius</span> <span class='ocrx_word' id='word_1_169' title='bbox 784 1446 826 1483; x_wconf 86' lang='lat' dir='ltr'>in</span> <span class='ocrx_word' id='word_1_170' title='bbox 851 1446 1033 1484; x_wconf 89' lang='lat' dir='ltr'>ultimam</span> <span class='ocrx_word' id='word_1_171' title='bbox 1053 1445 1223 1484; x_wconf 83' lang='lat' dir='ltr'>Galliam</span> <span class='ocrx_word' id='word_1_172' title='bbox 1249 1457 1339 1483; x_wconf 67' lang='lat' dir='ltr'>exzo</span> 
     </span>
     <span class='ocr_line' id='line_1_22' title="bbox 99 1510 1298 1562; baseline 0 -13"><span class='ocrx_word' id='word_1_173' title='bbox 99 1512 284 1562; x_wconf 85' lang='lat' dir='ltr'>Aegypto</span> <span class='ocrx_word' id='word_1_174' title='bbox 309 1524 428 1562; x_wconf 86' lang='lat' dir='ltr'>quam</span> <span class='ocrx_word' id='word_1_175' title='bbox 454 1510 626 1548; x_wconf 86' lang='lat' dir='ltr'>domum.</span> <span class='ocrx_word' id='word_1_176' title='bbox 683 1510 792 1556; x_wconf 88' lang='lat' dir='ltr'>Quae</span> <span class='ocrx_word' id='word_1_177' title='bbox 819 1514 954 1549; x_wconf 86' lang='lat' dir='ltr'>autem</span> <span class='ocrx_word' id='word_1_178' title='bbox 986 1511 1150 1549; x_wconf 71' lang='lat' dir='ltr'>domus?</span> <span class='ocrx_word' id='word_1_179' title='bbox 1189 1524 1298 1549; x_wconf 89' lang='lat' dir='ltr'>suam</span> 
     </span>
     <span class='ocr_line' id='line_1_23' title="bbox 98 1575 1297 1630; baseline 0 -16"><span class='ocrx_word' id='word_1_180' title='bbox 98 1577 203 1615; x_wconf 88' lang='lat' dir='ltr'>enim</span> <span class='ocrx_word' id='word_1_181' title='bbox 223 1576 388 1627; x_wconf 76' lang='lat' dir='ltr'>quisque</span> <span class='ocrx_word' id='word_1_182' title='bbox 406 1575 566 1612; x_wconf 89' lang='lat' dir='ltr'>domum</span> <span class='ocrx_word' id='word_1_183' title='bbox 585 1578 672 1612; x_wconf 90' lang='lat' dir='ltr'>tum</span> <span class='ocrx_word' id='word_1_184' title='bbox 692 1575 907 1621; x_wconf 86' lang='lat' dir='ltr'>obtinebat,</span> <span class='ocrx_word' id='word_1_185' title='bbox 933 1589 1004 1614; x_wconf 89' lang='lat' dir='ltr'>nec</span> <span class='ocrx_word' id='word_1_186' title='bbox 1029 1580 1115 1614; x_wconf 85' lang='lat' dir='ltr'>erat</span> <span class='ocrx_word' id='word_1_187' title='bbox 1132 1589 1297 1630; x_wconf 80' lang='lat' dir='ltr'>usquam</span> 
     </span>
     <span class='ocr_line' id='line_1_24' title="bbox 100 1610 1330 1691; baseline 0 -11"><span class='ocrx_word' id='word_1_188' title='bbox 100 1647 180 1680; x_wconf 89' lang='lat' dir='ltr'>tua.</span> <span class='ocrx_word' id='word_1_189' title='bbox 242 1641 414 1679; x_wconf 90' lang='lat' dir='ltr'>Domum</span> <span class='ocrx_word' id='word_1_190' title='bbox 443 1640 555 1678; x_wconf 69' lang='lat' dir='ltr'>dico?</span> <span class='ocrx_word' id='word_1_191' title='bbox 587 1641 684 1691; x_wconf 87' lang='lat' dir='ltr'>quid</span> <span class='ocrx_word' id='word_1_192' title='bbox 713 1644 798 1678; x_wconf 87' lang='lat' dir='ltr'>erat</span> <span class='ocrx_word' id='word_1_193' title='bbox 824 1640 868 1678; x_wconf 91' lang='lat' dir='ltr'>in</span> <span class='ocrx_word' id='word_1_194' title='bbox 895 1638 1022 1689; x_wconf 86' lang='lat' dir='ltr'>terris,</span> <span class='ocrx_word' id='word_1_195' title='bbox 1057 1641 1126 1679; x_wconf 90' lang='lat' dir='ltr'>ubi</span> <span class='ocrx_word' id='word_1_196' title='bbox 1146 1631 1196 1691; x_wconf 97' lang='lat' dir='ltr'>Q</span> <span class='ocrx_word' id='word_1_197' title='bbox 1227 1610 1330 1690; x_wconf 53' lang='lat' dir='ltr'>tuq)</span> 
     </span>
    </p>
   </div>
   <div class='ocr_carea' id='block_1_8' title="bbox 76 1704 1298 1757">
    <p class='ocr_par' dir='ltr' id='par_1_9' title="bbox 76 1704 1298 1757">
     <span class='ocr_line' id='line_1_25' title="bbox 76 1704 1298 1757; baseline 0 -12"><span class='ocrx_word' id='word_1_198' title='bbox 76 1721 78 1723; x_wconf 83' lang='lat'>·</span> <span class='ocrx_word' id='word_1_199' title='bbox 99 1707 236 1757; x_wconf 90' lang='lat' dir='ltr'>pedem</span> <span class='ocrx_word' id='word_1_200' title='bbox 263 1719 425 1757; x_wconf 89' lang='lat' dir='ltr'>poneres</span> <span class='ocrx_word' id='word_1_201' title='bbox 443 1708 598 1756; x_wconf 84' lang='lat' dir='ltr'>praeter</span> <span class='ocrx_word' id='word_1_202' title='bbox 615 1718 739 1742; x_wconf 83' lang='lat' dir='ltr'>unum</span> <span class='ocrx_word' id='word_1_203' title='bbox 759 1704 970 1755; x_wconf 84' lang='lat' dir='ltr'>Misenum,</span> <span class='ocrx_word' id='word_1_204' title='bbox 995 1706 1100 1757; x_wconf 91' lang='lat' dir='ltr'>quod</span> <span class='ocrx_word' id='word_1_205' title='bbox 1125 1719 1213 1744; x_wconf 88' lang='lat' dir='ltr'>cum</span> <span class='ocrx_word' id='word_1_206' title='bbox 1239 1719 1298 1745; x_wconf 83' lang='lat' dir='ltr'>so·</span> 
     </span>
    </p>
   </div>
   <div class='ocr_carea' id='block_1_9' title="bbox 93 1769 1349 2089">
    <p class='ocr_par' dir='ltr' id='par_1_10' title="bbox 93 1769 1349 2089">
     <span class='ocr_line' id='line_1_26' title="bbox 96 1769 1336 1828; baseline 0 -17"><span class='ocrx_word' id='word_1_207' title='bbox 96 1773 166 1811; x_wconf 84' lang='lat' dir='ltr'>ciis</span> <span class='ocrx_word' id='word_1_208' title='bbox 183 1777 386 1823; x_wconf 84' lang='lat' dir='ltr'>tamquam</span> <span class='ocrx_word' id='word_1_209' title='bbox 406 1771 633 1828; x_wconf 72' lang='lat' dir='ltr'>Sisaponem</span> <span class='ocrx_word' id='word_1_210' title='bbox 651 1769 839 1808; x_wconf 63' lang='lat' dir='ltr'>tenebas?</span> <span class='ocrx_word' id='word_1_211' title='bbox 886 1769 983 1809; x_wconf 84' lang='lat' dir='ltr'>XX.</span> <span class='ocrx_word' id='word_1_212' title='bbox 1032 1771 1094 1810; x_wconf 83' lang='lat'>49.</span> <span class='ocrx_word' id='word_1_213' title='bbox 1137 1771 1336 1812; x_wconf 57' lang='lat' dir='ltr'>Venistis</span> 
     </span>
     <span class='ocr_line' id='line_1_27' title="bbox 95 1830 1295 1888; baseline 0 -12"><span class='ocrx_word' id='word_1_214' title='bbox 95 1852 117 1877; x_wconf 86' lang='lat' dir='ltr'>e</span> <span class='ocrx_word' id='word_1_215' title='bbox 146 1838 275 1876; x_wconf 85' lang='lat' dir='ltr'>Gallia</span> <span class='ocrx_word' id='word_1_216' title='bbox 306 1838 355 1876; x_wconf 88' lang='lat' dir='ltr'>ad</span> <span class='ocrx_word' id='word_1_217' title='bbox 386 1830 639 1888; x_wconf 65' lang='lat' dir='ltr'>quaesturam</span> <span class='ocrx_word' id='word_1_218' title='bbox 666 1836 885 1887; x_wconf 88' lang='lat' dir='ltr'>petendam.</span> <span class='ocrx_word' id='word_1_219' title='bbox 945 1836 1063 1874; x_wconf 86' lang='lat' dir='ltr'>Aude</span> <span class='ocrx_word' id='word_1_220' title='bbox 1094 1837 1223 1875; x_wconf 87' lang='lat' dir='ltr'>dicere</span> <span class='ocrx_word' id='word_1_221' title='bbox 1256 1841 1295 1876; x_wconf 85' lang='lat' dir='ltr'>te</span> 
     </span>
     <span class='ocr_line' id='line_1_28' title="bbox 95 1889 1297 1958; baseline -0.002 -14"><span class='ocrx_word' id='word_1_222' title='bbox 95 1907 203 1957; x_wconf 78' lang='lat' dir='ltr'>prius</span> <span class='ocrx_word' id='word_1_223' title='bbox 229 1906 279 1943; x_wconf 89' lang='lat' dir='ltr'>ad</span> <span class='ocrx_word' id='word_1_224' title='bbox 307 1889 509 1958; x_wconf 67' lang='lat' dir='ltr'>parentein</span> <span class='ocrx_word' id='word_1_225' title='bbox 527 1909 638 1942; x_wconf 85' lang='lat' dir='ltr'>tuam</span> <span class='ocrx_word' id='word_1_226' title='bbox 649 1903 801 1942; x_wconf 86' lang='lat' dir='ltr'>venisse</span> <span class='ocrx_word' id='word_1_227' title='bbox 824 1916 941 1954; x_wconf 86' lang='lat' dir='ltr'>quam</span> <span class='ocrx_word' id='word_1_228' title='bbox 967 1903 1017 1941; x_wconf 82' lang='lat' dir='ltr'>ad</span> <span class='ocrx_word' id='word_1_229' title='bbox 1043 1916 1116 1942; x_wconf 89' lang='lat' dir='ltr'>me.</span> <span class='ocrx_word' id='word_1_230' title='bbox 1173 1903 1297 1942; x_wconf 86' lang='lat' dir='ltr'>Acce-</span> 
     </span>
     <span class='ocr_line' id='line_1_29' title="bbox 94 1968 1295 2023; baseline -0.002 -13"><span class='ocrx_word' id='word_1_231' title='bbox 94 1985 227 2023; x_wconf 89' lang='lat' dir='ltr'>peram</span> <span class='ocrx_word' id='word_1_232' title='bbox 254 1972 333 2009; x_wconf 90' lang='lat' dir='ltr'>iam</span> <span class='ocrx_word' id='word_1_233' title='bbox 361 1970 469 2008; x_wconf 59' lang='lat' dir='ltr'>ante*</span> <span class='ocrx_word' id='word_1_234' title='bbox 486 1969 660 2008; x_wconf 83' lang='lat' dir='ltr'>Caesaris</span> <span class='ocrx_word' id='word_1_235' title='bbox 692 1969 856 2015; x_wconf 84' lang='lat' dir='ltr'>litteras,</span> <span class='ocrx_word' id='word_1_236' title='bbox 888 1972 935 2006; x_wconf 89' lang='lat' dir='ltr'>ut</span> <span class='ocrx_word' id='word_1_237' title='bbox 956 1968 1055 2006; x_wconf 88' lang='lat' dir='ltr'>mihi</span> <span class='ocrx_word' id='word_1_238' title='bbox 1089 1968 1183 2006; x_wconf 86' lang='lat' dir='ltr'>satis</span> <span class='ocrx_word' id='word_1_239' title='bbox 1209 1969 1295 2007; x_wconf 87' lang='lat' dir='ltr'>fieri</span> 
     </span>
     <span class='ocr_line' id='line_1_30' title="bbox 93 2034 1349 2089; baseline -0.004 -13"><span class='ocrx_word' id='word_1_240' title='bbox 93 2042 249 2089; x_wconf 86' lang='lat' dir='ltr'>paterer</span> <span class='ocrx_word' id='word_1_241' title='bbox 267 2050 292 2075; x_wconf 84' lang='lat' dir='ltr'>a</span> <span class='ocrx_word' id='word_1_242' title='bbox 307 2043 370 2075; x_wconf 85' lang='lat' dir='ltr'>te:</span> <span class='ocrx_word' id='word_1_243' title='bbox 399 2036 533 2087; x_wconf 75' lang='lat' dir='ltr'>itaque</span> <span class='ocrx_word' id='word_1_244' title='bbox 551 2049 602 2074; x_wconf 92' lang='lat' dir='ltr'>ne</span> <span class='ocrx_word' id='word_1_245' title='bbox 621 2035 729 2085; x_wconf 90' lang='lat' dir='ltr'>loqui</span> <span class='ocrx_word' id='word_1_246' title='bbox 747 2035 907 2085; x_wconf 88' lang='lat' dir='ltr'>quidem</span> <span class='ocrx_word' id='word_1_247' title='bbox 925 2046 1012 2071; x_wconf 85' lang='lat' dir='ltr'>sum</span> <span class='ocrx_word' id='word_1_248' title='bbox 1031 2038 1072 2072; x_wconf 88' lang='lat' dir='ltr'>te</span> <span class='ocrx_word' id='word_1_249' title='bbox 1090 2046 1226 2085; x_wconf 86' lang='lat' dir='ltr'>passus</span> <span class='ocrx_word' id='word_1_250' title='bbox 1245 2034 1294 2072; x_wconf 86' lang='lat' dir='ltr'>de</span> <span class='ocrx_word' id='word_1_251' title='bbox 1339 2038 1349 2043; x_wconf 78' lang='grc'><strong><em>’</em></strong></span> 
     </span>
    </p>
   </div>
   <div class='ocr_carea' id='block_1_10' title="bbox 5 2085 1292 2154">
    <p class='ocr_par' dir='ltr' id='par_1_11' title="bbox 5 2085 1292 2154">
     <span class='ocr_line' id='line_1_31' title="bbox 5 2085 1292 2154; baseline 0.006 -16"><span class='ocrx_word' id='word_1_252' title='bbox 5 2085 40 2125; x_wconf 38' lang='lat'>⁸4²·</span> <span class='ocrx_word' id='word_1_253' title='bbox 92 2102 228 2154; x_wconf 78' lang='lat' dir='ltr'>gratia.</span> <span class='ocrx_word' id='word_1_254' title='bbox 284 2101 428 2139; x_wconf 84' lang='lat' dir='ltr'>Postea</span> <span class='ocrx_word' id='word_1_255' title='bbox 444 2114 543 2138; x_wconf 86' lang='lat' dir='ltr'>sum</span> <span class='ocrx_word' id='word_1_256' title='bbox 571 2100 701 2152; x_wconf 71' lang='lat' dir='ltr'>cQs</span> <span class='ocrx_word' id='word_1_257' title='bbox 728 2113 752 2137; x_wconf 87' lang='lat' dir='ltr'>a</span> <span class='ocrx_word' id='word_1_258' title='bbox 778 2105 828 2147; x_wconf 77' lang='lat' dir='ltr'>te,</span> <span class='ocrx_word' id='word_1_259' title='bbox 859 2103 904 2136; x_wconf 68' lang='lat' dir='ltr'>tu</span> <span class='ocrx_word' id='word_1_260' title='bbox 931 2113 956 2137; x_wconf 79' lang='lat' dir='ltr'>a</span> <span class='ocrx_word' id='word_1_261' title='bbox 979 2112 1042 2138; x_wconf 78' lang='lat' dir='ltr'>me</span> <span class='ocrx_word' id='word_1_262' title='bbox 1067 2100 1226 2144; x_wconf 63' lang='lat' dir='ltr'>adiutus</span> <span class='ocrx_word' id='word_1_263' title='bbox 1249 2100 1292 2138; x_wconf 85' lang='lat' dir='ltr'>in</span> 
     </span>
    </p>
   </div>
   <div class='ocr_carea' id='block_1_11' title="bbox 92 2163 1291 2283">
    <p class='ocr_par' dir='ltr' id='par_1_12' title="bbox 92 2163 1291 2283">
     <span class='ocr_line' id='line_1_32' title="bbox 92 2163 1291 2218; baseline -0.003 -12"><span class='ocrx_word' id='word_1_264' title='bbox 92 2166 283 2218; x_wconf 86' lang='lat' dir='ltr'>petitione</span> <span class='ocrx_word' id='word_1_265' title='bbox 295 2169 537 2216; x_wconf 78' lang='lat' dir='ltr'>quaesturae.</span> <span class='ocrx_word' id='word_1_266' title='bbox 582 2164 669 2210; x_wconf 92' lang='lat' dir='ltr'>Quo</span> <span class='ocrx_word' id='word_1_267' title='bbox 683 2163 843 2214; x_wconf 87' lang='lat' dir='ltr'>quidem</span> <span class='ocrx_word' id='word_1_268' title='bbox 857 2167 1032 2214; x_wconf 87' lang='lat' dir='ltr'>tempore</span> <span class='ocrx_word' id='word_1_269' title='bbox 1048 2164 1092 2202; x_wconf 89' lang='lat' dir='ltr'>P.</span> <span class='ocrx_word' id='word_1_270' title='bbox 1108 2164 1291 2203; x_wconf 79' lang='lat' dir='ltr'>Clodium</span> 
     </span>
     <span class='ocr_line' id='line_1_33' title="bbox 93 2229 1285 2283; baseline 0 -15"><span class='ocrx_word' id='word_1_271' title='bbox 93 2231 332 2282; x_wconf 78' lang='lat' dir='ltr'>adprobante</span> <span class='ocrx_word' id='word_1_272' title='bbox 349 2230 493 2283; x_wconf 89' lang='lat' dir='ltr'>populo</span> <span class='ocrx_word' id='word_1_273' title='bbox 509 2229 688 2267; x_wconf 82' lang='lat' dir='ltr'>Romano</span> <span class='ocrx_word' id='word_1_274' title='bbox 707 2229 749 2266; x_wconf 88' lang='lat' dir='ltr'>in</span> <span class='ocrx_word' id='word_1_275' title='bbox 763 2229 847 2267; x_wconf 85' lang='lat' dir='ltr'>foro</span> <span class='ocrx_word' id='word_1_276' title='bbox 865 2243 904 2266; x_wconf 88' lang='lat' dir='ltr'>es</span> <span class='ocrx_word' id='word_1_277' title='bbox 923 2234 1085 2268; x_wconf 85' lang='lat' dir='ltr'>conatus</span> <span class='ocrx_word' id='word_1_278' title='bbox 1103 2230 1285 2279; x_wconf 75' lang='lat' dir='ltr'>occidere,</span> 
     </span>
    </p>
   </div>
   <div class='ocr_carea' id='block_1_12' title="bbox 379 2345 809 2436">
    <p class='ocr_par' dir='ltr' id='par_1_13' title="bbox 379 2345 809 2436">
     <span class='ocr_line' id='line_1_34' title="bbox 381 2345 786 2402; baseline 0.01 -15"><span class='ocrx_word' id='word_1_279' title='bbox 381 2345 489 2392; x_wconf 29' lang='lat' dir='ltr'>‘iiviri</span> <span class='ocrx_word' id='word_1_280' title='bbox 520 2389 531 2396; x_wconf 67' lang='grc'>,,</span> <span class='ocrx_word' id='word_1_281' title='bbox 543 2385 560 2401; x_wconf 62' lang='lat'>„5</span> <span class='ocrx_word' id='word_1_282' title='bbox 629 2358 645 2368; x_wconf 36' lang='grc' dir='ltr'>μ’</span> <span class='ocrx_word' id='word_1_283' title='bbox 702 2398 706 2402; x_wconf 90' lang='lat'><em>.</em></span> <span class='ocrx_word' id='word_1_284' title='bbox 722 2387 730 2399; x_wconf 55' lang='grc'>,</span> <span class='ocrx_word' id='word_1_285' title='bbox 749 2370 763 2392; x_wconf 65' lang='grc' dir='ltr'>’ς</span> <span class='ocrx_word' id='word_1_286' title='bbox 780 2373 786 2390; x_wconf 65' lang='lat' dir='ltr'>b</span> 
     </span>
     <span class='ocr_line' id='line_1_35' title="bbox 379 2402 809 2436; baseline 0 0"><span class='ocrx_word' id='word_1_287' title='bbox 379 2425 384 2433; x_wconf 79' lang='lat'><strong><em>¹</em></strong></span> <span class='ocrx_word' id='word_1_288' title='bbox 429 2426 453 2436; x_wconf 64' lang='lat' dir='ltr'>u.</span> <span class='ocrx_word' id='word_1_289' title='bbox 497 2403 500 2405; x_wconf 68' lang='lat'>&#39;</span> <span class='ocrx_word' id='word_1_290' title='bbox 532 2402 538 2407; x_wconf 53' lang='lat'><strong>·</strong></span> <span class='ocrx_word' id='word_1_291' title='bbox 603 2403 653 2436; x_wconf 37' lang='grc' dir='ltr'>ιδ’</span> <span class='ocrx_word' id='word_1_292' title='bbox 664 2404 712 2422; x_wconf 19' lang='grc' dir='ltr'>’Ὶψῇ</span> <span class='ocrx_word' id='word_1_293' title='bbox 735 2424 767 2436; x_wconf 38' lang='grc' dir='ltr'>ΛΔ</span> <span class='ocrx_word' id='word_1_294' title='bbox 780 2422 787 2430; x_wconf 64' lang='lat'>&#39;⁹</span> <span class='ocrx_word' id='word_1_295' title='bbox 799 2417 809 2430; x_wconf 71' lang='lat'>&#39;¹</span> 
     </span>
    </p>
   </div>
  </div>
 </body>
</html>
