1396 2436
82 109 117 167 '2
133 139 152 168 8
166 135 265 176 4—6]
343 134 628 166 BENEFIGIUM
650 133 911 166 LATRONUM.
960 134 1057 166 SED.
1236 126 1284 162 63

86 226 195 265 tribe:
208 226 229 258 i.
233 237 260 258 e.
279 226 394 258 obtain
407 226 452 257 its
466 230 581 265 votes3
601 237 637 257 so
647 226 738 266 serre
747 229 873 265 puncta
886 234 923 255 or
937 221 1103 264 suffrayia.
1120 232 1151 272 p.
1170 221 1280 253 Plano.

87 273 121 310 ἐξ
138 280 188 312 49,
207 278 257 310 53,
276 279 339 308 54;
361 269 444 301 Hor.
463 270 504 301 Α
524 269 562 302 P.
583 279 662 310 343:
691 269 788 302 Omne
804 267 881 299 tulit
896 270 1063 307 punctum,
1083 265 1141 307 qui
1156 264 1285 296 miscuit

86 313 167 346 utile
181 312 298 353 dulci]

151 367 174 399 l.
191 377 244 410 29.
289 366 330 399 de
342 366 383 406 vi,
401 378 444 398 on
459 371 599 398 account
613 368 648 398 of
662 367 718 398 the
733 367 814 398 riots
829 369 864 398 at
878 365 935 397 the
950 364 1098 396 election.
1143 363 1214 395 The
1235 374 1283 395 re-

86 410 188 443 lative
201 411 388 443 introduces
402 411 459 442 the
474 411 654 442 refutation
669 421 706 442 as
721 411 756 441 in
771 412 787 449 ξ
804 416 854 449 27.

152 475 179 496 c.
196 473 246 496 ΠΙ.
265 466 281 503 ξ
297 471 325 503 5.
352 464 374 495 1.
394 473 445 504 32.
474 464 606 504 [semper
628 467 688 495 etc.
715 466 731 503 ξ
753 473 803 504 59.
844 471 866 494 1.
885 464 902 502 ξ
925 472 978 494 11:
1011 460 1063 493 oui
1086 461 1195 501 (Ant.)
1215 470 1286 492 sum

88 508 219 546 nanim,
242 507 338 549 idque
359 517 407 538 me
429 518 493 538 non
515 507 606 538 nullo
624 507 690 538 eius
705 507 801 547 officio
816 505 922 539 debere
936 515 996 537 esse
1010 515 1093 546 prae
1107 514 1155 536 me
1167 514 1286 544 semper

90 551 159 583 tuli.
208 551 291 583 Intr.
310 553 394 591 §15
412 550 500 582 Plut.
521 551 586 582 Cic.
606 551 675 592 39.]

153 607 191 638 P.
210 615 238 647 3.
256 606 277 638 1.
301 616 328 638 ι.
372 605 480 638 minus
490 605 671 647 prudenti:
693 605 745 636 for
762 615 806 637 no
823 603 966 646 prudens
985 614 1047 635 can
1066 602 1183 645 regan-d
1202 602 1231 634 it
1250 613 1286 635 as

87 660 111 683 a
123 649 313 690 berwficium.

151 706 174 737 1.
192 715 223 737 π.
268 703 332 736 Sed
351 703 445 736 takes
463 715 508 746 up
528 704 585 736 the
606 704 757 745 question
778 703 870 741 Quo?
895 703 936 744 (p.
960 713 989 733 τ.
1006 703 1026 733 1.
1048 702 1108 742 31).
1156 701 1196 733 cf.
1215 702 1283 741 §8:

87 748 169 788 quid
193 747 287 780 habes
312 747 397 788 quod
422 747 505 779 mihi.
530 747 768 787 opponas—secl
793 746 873 787 quid
898 756 1039 786 opponas
1069 744 1198 777 tandem
1222 748 1284 777 etc.

90 802 115 824 1.
130 795 215 834 523,
234 801 272 825 11.
287 794 374 832 580,
393 791 529 832 Zumpt,
546 794 653 834 5739.
678 793 761 833 [Cic.
778 792 861 832 legg.
882 802 920 824 11.
936 795 989 832 §2
1006 791 1213 832 Dumesnil]

153 845 175 877 1.
193 851 223 885 5.
269 843 307 876 in
321 843 459 875 Italiam
473 847 535 875 etc.
583 844 668 875 Intr.
685 854 718 874 n.
737 851 789 883 54.

155 901 191 941 [1.
207 899 240 932 6.
285 899 353 931 Fac
367 909 402 939 p.
450 899 598 941 Suppose
618 899 727 930 Caesar
749 898 815 930 had
835 900 895 930 not
916 897 1096 930 restrained
1121 908 1198 940 you.
1243 898 1288 930 So

91 943 183 986 560:
202 943 265 984 fac
281 947 309 974 te
323 942 470 983 dedisse]

156 998 191 1039 [l.
211 1005 239 1038 7.
286 996 384 1037 benef.
403 997 477 1028 latr.
526 997 669 1030 Salvian.
686 997 728 1028 de
751 996 897 1028 Gubern.
912 996 985 1034 Dei,
1003 1004 1076 1028 vm.
1101 1007 1199 1038 prope
1220 996 1286 1027 fin.:

91 1042 248 1075 Latrones
262 1040 389 1082 quidem
403 1040 461 1071 hoc
471 1040 637 1080 proverbio
656 1040 707 1071 uti
728 1041 835 1078 solent,
857 1044 896 1071 ut
916 1039 1028 1081 quibus
1050 1050 1115 1071 non
1137 1039 1290 1080 auferant

92 1086 201 1123 vitam,
225 1084 346 1116 declam
366 1094 397 1115 se
418 1084 540 1115 dicant.
586 1084 660 1116 Sen.
685 1084 726 1114 de
756 1084 835 1115 Ben.
860 1092 898 1115 Π.
928 1093 974 1114 12.
999 1085 1016 1123 ξ
1042 1092 1076 1115 1:
1111 1082 1147 1115 0.
1173 1082 1291 1115 G'aeswr

93 1128 184 1160 dedit
196 1127 299 1159 vitwm
311 1127 464 1168 Pompeio
482 1127 601 1165 Penno,
619 1127 648 1159 si
665 1128 725 1158 dat
746 1129 802 1168 qui
823 1138 889 1158 non
910 1127 1030 1167 aufert.
1063 1126 1112 1158 cf.
1129 1126 1173 1157 ib.
1191 1137 1218 1157 c.
1235 1136 1286 1157 20.

93 1174 111 1212 g
134 1181 152 1212 3
176 1171 223 1212 (of
244 1171 368 1202 Brutus
391 1171 456 1202 and
479 1170 615 1211 Caesar):
655 1174 716 1202 ete.
741 1171 848 1211 ABR]
893 1171 953 1210 [ut.
985 1170 1074 1201 Suet.
1107 1170 1195 1211 Aug.
1228 1179 1287 1212 94.

93 1215 239 1248 Fuerunt
263 1213 321 1256 qui
345 1213 642 1254 interpretarentur,
668 1224 734 1245 non
755 1213 852 1245 aliud
872 1213 1060 1254 siynfflcare,
1087 1223 1184 1253 quam
1206 1217 1244 1245 ut
1262 1213 1291 1245 is

93 1258 182 1298 ordo,
198 1268 289 1291 cmm
303 1257 427 1299 meique
440 1257 478 1289 id
492 1261 574 1296 esset,
592 1257 779 1299 quandoque
794 1257 823 1289 ei
837 1256 1039 1289 subiceretur.
1085 1256 1198 1288 Hans.
1202 1257 1216 1297 ]

156 1322 226 1366 19
277 1321 369 1360 Quod
389 1320 419 1354 εἰ
438 1325 512 1352 esset
535 1320 611 1359 ben„
627 1323 663 1352 to
686 1331 780 1362 sparo
800 1320 942 1352 aman’s
962 1320 1076 1362 life(p.
1096 1320 1288 1362 Su11.§72).

95 1365 139 1399 In
162 1366 238 1398 that
262 1375 337 1398 case
361 1365 410 1397 M.
442 1365 566 1396 Brutus
592 1365 657 1396 and
684 1364 814 1396 Cassius
838 1364 904 1395 and
933 1364 1028 1395 other
1057 1363 1291 1404 τυραννοκτόνοι

94 1410 203 1442 would
229 1409 270 1441 be
296 1409 403 1450 guilty
426 1408 461 1440 of
482 1407 692 1449 ingratitude‚
718 1408 827 1439 whom
852 1407 960 1439 Caesar
985 1407 1101 1448 spared
1126 1407 1213 1439 after
1233 1408 1290 1439 the

94 1453 199 1485 battle
222 1453 258 1484 of
281 1452 469 1484 Pharsalus.
514 1451 564 1482 To
586 1451 678 1482 them
702 1462 768 1483 was
792 1451 922 1492 applied
947 1453 983 1482 at
1006 1450 1142 1482 Caesar’s
1164 1451 1292 1482 funeral

95 1496 170 1529 that
190 1506 283 1528 verse
303 1496 339 1526 of
360 1494 523 1527 Pacuvius
546 1494 648 1535 (Suet.
673 1494 764 1526 Caes.
784 1494 854 1534 84):
879 1504 949 1526 men
970 1504 1112 1532 servasse,
1136 1498 1175 1526 ut
1195 1499 1292 1527 essent

95 1538 418 1582 quimeperderemt
461 1538 602 1570 Ofiinfr.
623 1537 726 1578 5116,
745 1538 847 1579 [App.
864 1537 896 1569 b.
910 1548 937 1570 c.
957 1545 995 1570 11.
1020 1536 1106 1578 146.]

159 1594 180 1626 1.
203 1603 250 1626 11.
298 1592 499 1625 clarissimos.
545 1593 620 1624 infr.
642 1594 658 1632 ἓ
679 1601 774 1632 30.1.
795 1595 811 1632 ξ
826 1590 864 1624 6:
886 1591 1017 1632 patriae
1038 1592 1290 1632 liberatorem...

96 1647 181 1680 quos.
193 1661 202 1669 .
214 1635 299 1678 ,ipsi
313 1637 452 1669 consules
467 1636 504 1667 in
520 1635 715 1667 contionibus
729 1639 759 1667 et
772 1635 810 1667 in
824 1635 912 1667 omni
925 1646 1064 1668 sermone
1078 1636 1267 1668 laudabant.

161 1688 218 1731 §6-
231 1691 253 1723 1.
271 1701 319 1733 ¹9·
346 1691 393 1722 At
402 1690 440 1722 in
449 1690 512 1722 illa
522 1690 669 1731 querella,
687 1690 736 1722 i.e.
751 1690 808 1722 the
823 1690 894 1721 first
905 1690 1075 1732 Philippic.
1103 1691 1123 1722 I
1131 1691 1293 1724 refrained

35 1738 37 1740 '
97 1733 182 1766 from
206 1734 356 1775 personal
376 1734 559 1766 reflexions.
616 1734 682 1774 [On
702 1734 760 1765 the
784 1734 1008 1775 orthography
1029 1734 1064 1765 of
1088 1735 1228 1775 querella
1248 1735 1290 1767 cf.

99 1777 318 1809 Lachmann’s
333 1788 438 1808 canon
452 1788 495 1809 on
511 1777 608 1808 Lucr.
625 1785 675 1808 111.
697 1786 795 1816 1014:
823 1779 832 1794 ‘
841 1777 1000 1808 habemus
1021 1779 1132 1809 autem
1150 1778 1204 1810 hic
1217 1789 1292 1810 auc-

38 1857 43 1859 ·
98 1823 186 1852 tores
206 1830 274 1852 non
295 1820 525 1862 grammaticos
547 1831 644 1852 verae
665 1820 801 1852 rationis
822 1820 963 1861 ignaros,
987 1821 1045 1852 sed
1070 1831 1126 1852 eos
1153 1821 1253 1853 libros
1274 1832 1293 1854 e

99 1864 217 1906 quibus
231 1864 462 1905 orthographia
476 1864 620 1905 vulgaris
635 1864 757 1905 optime
778 1863 859 1895 disci
880 1866 997 1905 potest,
1014 1863 1201 1906 Vergilium
1221 1865 1292 1897 Me-

99 1906 236 1946 diceum,
263 1907 485 1938 institutiones
510 1907 583 1946 Gai,
606 1917 730 1939 novum
752 1910 988 1939 testamentum
1012 1907 1176 1940 Fuldense
1200 1919 1222 1941 a
1241 1919 1294 1940 me

100 1949 234 1988 editum,
251 1950 379 1992 digesta
392 1950 593 1982 Florentina.
628 1950 742 1992 itaque
765 1950 778 1982 l
799 1950 938 1991 simplici
959 1950 1147 1983 scribuntur
1166 1951 1203 1982 in
1224 1952 1292 1994 qui-

101 1992 163 2024 bus
177 2003 192 2025 e
204 1993 350 2026 litteram
362 1993 462 2035 longa
475 1994 602 2035 syllaba
615 1994 789 2035 praecedit,
813 1997 852 2025 ut
874 1993 1034 2025 custodela
1055 1994 1201 2026 clientela
1221 2005 1293 2027 sua·

100 2035 178 2068 dela
190 2036 326 2068 candela
338 2037 442 2069 tutela
456 2037 581 2068 cautela
596 2037 697 2068 tutela
711 2036 893 2077 corruptela
906 2036 1132 2069 mandatela..
1149 2038 1295 2070 ,acutela

354 2083 410 2112 tur
423 2080 480 2111 ubi
494 2080 600 2121 prima
612 2080 721 2112 brevis
735 2083 804 2112 est:
830 2090 933 2121 eaque
947 2091 968 2111 a
981 2081 1081 2113 tertia
1099 2091 1138 2113 ac
1157 2081 1295 2123 simplici

102 2121 208 2154 forma
222 2122 254 2164 (i.
266 2133 290 2155 e.
310 2122 361 2155 the
376 2122 439 2164 3rd
452 2122 707 2164 conj.)feoerunt
722 2126 856 2161 veteres,
873 2126 912 2155 ut
934 2123 1103 2165 loquellam
1124 2125 1296 2165 querellam

102 2165 270 2206 aequalium
284 2165 415 2198 luellwm
422 2165 593 2207 fuyellam.
597 2166 621 2207 ']

171 2218 284 2250 misera
296 2219 431 2260 quidem.
479 2220 522 2251 In
536 2219 603 2251 this
616 2221 702 2251 form
717 2220 800 2251 ille
790 2231 818 2251 is
839 2221 1005 2262 generally
1023 2222 1166 2253 inserted
1187 2222 1297 2254 before

103 2260 232 2303 quadem
246 2261 280 2302 (1.
298 2264 315 2302 5
334 2270 381 2303 ι7,
397 2271 432 2294 11.
452 2265 484 2302 ,ἓξ
500 2273 550 2295 22.
568 2262 620 2301 66,
636 2273 687 2304 93,
704 2264 794 2295 and
784 2274 819 2294 m
834 2264 890 2295 the
908 2265 969 2295 ‘md
987 2276 1105 2305 person
1121 2270 1156 2296 tu
1171 2265 1296 2306 quidem
