1396 2436
109 109 190 147 OR.
216 107 549 147 PHILIPPICA
575 107 633 146 II.
658 122 687 146 ο.
710 107 882 146 44—46.
903 107 944 157 ξς
960 105 1180 145 113-117.
1237 105 1287 146 47

96 207 248 245 inmani
270 205 558 244 nundinatione
588 209 660 243 tua
686 209 945 255 tuorumque:
971 208 1059 242 tum
1086 204 1290 255 intelleges

95 276 290 323 quantum
317 263 423 310 inter
446 272 601 324 lucrum
620 275 660 309 et
679 270 835 308 laudem
854 269 1023 307 intersit.
1070 268 1147 307 Sed
1175 268 1288 306 nimi-

95 351 195 386 rum,
216 341 264 375 ut
285 337 444 388 quidam
471 336 608 374 morbo
632 336 765 386 aliquo
791 338 833 372 et
856 344 991 373 sensus
1018 337 1176 385 stupore
1204 347 1289 372 sua—

96 402 260 440 vitatem
278 401 355 439 cibi
365 413 445 438 non
457 401 644 447 sentiunt,
662 400 717 438 sic
729 399 939 448 libidinosi,
953 399 1074 447 avari,
1086 399 1289 437 facinerosi

69 473 212 505 §verae
242 465 370 503 laudis
397 468 599 515 gustatum
629 477 710 502 non
741 464 899 503 habent.
957 464 1034 502 Sed
1063 465 1096 502 si
1126 468 1168 502 te
1204 464 1289 502 laus

95 531 261 569 adlicere
296 530 347 567 ad
382 532 487 567 recte
523 529 745 566 faciendum
781 542 861 567 non
896 532 1034 580 potest,
1074 543 1124 567 ne
1162 532 1290 566 metus

96 596 255 647 quidem
283 608 308 632 a
337 594 569 632 foedissimis
596 595 709 631 factis
737 597 868 644 potest
896 594 1078 631 avocare?
1136 593 1290 631 Iudicia

96 674 175 698 non
216 659 368 698 metuis.
426 658 469 696 Si
514 662 674 709 propter
718 658 996 706 innocentiam,
1044 659 1179 696 laudo:
1228 660 1288 696 sin

95 729 254 777 propter
270 725 363 772 vim,
383 736 463 760 non
482 723 687 773 intellegis,
710 723 779 774 qui
801 724 877 761 isto
905 724 1020 761 modo
1047 724 1192 762 iudicia
1209 737 1288 762 non

58 795 86 820 ¹⁰
95 791 243 839 timeat,
275 790 311 827 ei
343 789 438 840 quid
469 788 689 826 timendum
718 789 792 826 sit?
843 788 928 826 116.
975 788 1090 834 Quod
1131 790 1165 827 si
1210 802 1289 827 non

96 855 240 894 metuis
257 855 360 892 viros
374 854 493 891 fortes
505 853 754 904 egregiosque
768 853 882 900 cives,
896 853 1001 903 quod
1014 867 1038 891 a
1049 867 1206 904 corpore
1219 858 1289 892 tuo

99 921 355 972 prohibentur
385 919 514 966 armis,
552 919 614 956 tui
647 922 697 966 te,
733 918 831 955 mihi
867 918 990 966 crede,
1025 919 1174 956 diutius
1210 933 1289 957 non

97 987 232 1024 ferent.
291 985 399 1032 Quae
418 989 476 1023 est
495 988 628 1022 autem
654 985 738 1022 vita
766 984 848 1022 dies
876 987 918 1022 et
943 988 1075 1022 noctes
1101 986 1240 1024 timere
1265 998 1290 1024 a

96 1051 200 1090 suis?
220 1050 298 1088 nisi
315 1063 407 1087 vero
425 1054 495 1087 aut
513 1049 725 1086 maioribus
743 1048 862 1086 habes
876 1049 1072 1086 beneficiis
1086 1049 1285 1100 obligatos,

61 1130 214 1168 15qua111
232 1117 300 1155 ille
317 1116 505 1168 quosdam
530 1115 670 1153 habuit
692 1113 747 1152 'ex
770 1115 833 1162 eis,
863 1128 888 1153 a
914 1115 1058 1166 quibus
1085 1119 1144 1153 est
1169 1116 1288 1154 inter-

93 1184 227 1229 fectus,
248 1186 318 1220 aut
336 1186 382 1219 tu
407 1195 447 1219 es
475 1181 558 1219 ulla
585 1193 627 1218 re
655 1194 744 1218 cum
773 1193 817 1218 eo
846 1181 1136 1231 comparandus.
1195 1181 1290 1220 Fuit

93 1249 137 1286 in
149 1248 218 1285 illo
231 1247 441 1298 ingenium,
455 1246 567 1293 ratio,
584 1246 780 1293 memoria,
797 1246 961 1292 litterae,
978 1259 1080 1292 cura,
1094 1246 1287 1296 cogitatio,

97 1313 320 1363 diligentia3
366 1324 426 1349 res
457 1311 561 1348 bello
597 1314 769 1360 gesserat
805 1310 984 1360 quamvis
1020 1311 1076 1348 rei
1111 1311 1288 1361 publicae

98 1377 350 1424 calamitosas,
372 1380 416 1414 at
439 1380 572 1414 tamen
599 1388 779 1426 magnas;
807 1376 953 1413 multos
980 1389 1102 1413 annos
1128 1389 1289 1426 regnare

56 1444 320 1490 mmeditatus,
339 1454 481 1493 magno
499 1442 640 1488 labore,
662 1441 798 1478 multis
816 1440 998 1491 periculis
1020 1440 1124 1490 quod
1147 1441 1289 1491 cogita-

98 1511 161 1547 rat
177 1508 355 1546 effecerat
362 1520 374 1555 3
395 1506 633 1550 muneribus,
653 1506 915 1550 monimentis,
934 1505 1149 1555 congiariis,
1166 1506 1290 1556 epulis

98 1572 390 1611 multitudinem
426 1570 637 1621 inperitam
680 1570 921 1618 delenierat3
963 1583 1052 1608 suos
1096 1571 1287 1621 praemiis,

98 1637 334 1676 adversarios
353 1635 581 1674 clementiae
599 1635 724 1685 specie
744 1635 994 1672 devinxerat:
1021 1635 1117 1686 quid
1144 1636 1288 1673 multa?

101 1703 286 1740 attulerat
320 1702 399 1739 iam
435 1701 581 1738 liberae
619 1701 771 1738 civitati
807 1701 951 1751 partim
987 1704 1107 1747 metu,
1145 1701 1289 1750 partim

60 1767 290 1818 &patientia
307 1766 626 1804 consuetudinem
645 1766 846 1803 serviendi.
888 1764 1043 1812 XLVI.
1083 1764 1169 1804 117.
1191 1765 1290 1802 Cum

101 1832 169 1869 illo
187 1835 306 1882 egote
318 1831 543 1869 dominandi
562 1831 778 1881 cupiditate
792 1830 964 1867 conferre
976 1842 1143 1880 possum,
1156 1830 1292 1867 ceteris

102 1910 193 1934 vero
226 1897 340 1934 rebus
376 1897 486 1934 nullo
523 1895 638 1933 modo
685 1894 966 1944 comparandus
1012 1906 1060 1931 es.
1120 1893 1196 1931 Sed
1243 1907 1292 1931 ex

103 1961 280 2012 plurimis
297 1961 419 2008 malis,
440 1973 538 2010 quae
561 1960 609 1997 ab
638 1959 707 1996 illo
734 1959 791 1995 rei
819 1959 998 2009 publicae
1026 1962 1120 1995 sunt
1147 1960 1289 2006 inusta,

103 2025 176 2063 hoc
209 2029 341 2063 tamen
375 2025 468 2062 boni
505 2024 671 2069 exstitit,
705 2024 810 2074 quod
842 2023 980 2060 didicit
1011 2023 1091 2061 iam
1127 2023 1294 2074 populus

65 2098 95 2125 zo
108 2090 316 2138 Romanus,
351 2094 543 2141 quantum
576 2089 717 2139 cuique
745 2088 928 2134 crederet,
958 2088 1100 2138 quibus
1127 2100 1167 2125 se
1193 2101 1292 2126 com-

109 2155 292 2203 mitteret,
313 2168 336 2192 a
353 2155 495 2206 quibus
514 2157 676 2191 caveret.
736 2152 847 2190 Haec
866 2165 945 2188 non
973 2152 1131 2202 cogitas,
1169 2165 1294 2202 neque

110 2220 305 2271 intellegis
322 2221 416 2258 satis
434 2232 516 2257 esse
534 2219 630 2256 viris
650 2219 817 2256 fortibus
835 2218 1024 2265 didicisse,
1047 2230 1163 2267 quam
1183 2217 1236 2254 sit
1253 2229 1294 2254 re
