1396 2436
174 109 223 148 86
275 119 334 150 NE
359 119 462 152 NON.
501 120 912 154 REGEM...REGNUM.
959 109 1127 156 srmu's.
1155 122 1208 164 [13
1224 122 1318 154 1433
1335 123 1376 154 34

177 211 350 252 ἀλόγιστος
371 211 393 252 ἢ
414 213 463 246 τίς
492 211 591 246 οὕτως
614 213 722 245 ἄθλιός
750 214 836 245 ἐστιν
859 213 948 246 ὅστις
969 214 1049 245 ἑκὼν
1071 211 1111 244 ἂν
1125 236 1134 244 .
1148 235 1178 246 ..
1197 212 1376 252 ἐθελήσειεν

177 255 340 287 ἀναλῶσαι
353 267 360 294 ;
383 257 443 289 So:
471 258 480 274 ‘
489 257 586 288 Lives
602 257 695 288 there
710 267 731 288 a.
744 267 823 288 man
836 256 917 289 with
931 257 1002 289 sou]
1017 267 1054 288 so
1069 256 1162 295 dead,
1184 255 1262 289 Wlw
1275 266 1376 288 never

175 302 211 331 to
225 299 357 331 himself
370 300 429 331 has
444 300 515 332 said
526 324 534 332 .
547 324 555 332 .
569 299 607 343 2’]

239 364 266 385 c.
284 362 354 385 XIV.
393 356 409 394 ξ
426 364 476 394 34.
509 353 545 396 [1.
564 364 614 395 30.
649 364 689 386 ne
703 365 776 385 non.
811 354 958 395 Madvig,
976 356 993 393 §
1010 353 1082 395 376.
1114 353 1218 386 Hand
1232 353 1371 386 Tamen.

174 405 221 429 Π.
239 407 291 439 49.
331 397 396 429 Cic.
414 398 508 429 Verr.
527 406 574 429 IV.
592 400 608 437 ξ
624 398 683 430 82:
707 408 772 429 non
786 407 900 436 vereor,
922 408 960 429 333
982 397 1041 429 hoe
1060 397 1194 438 officium
1212 407 1316 430 memn
1329 397 1372 430 P.

173 439 309 472 Servilio
323 440 430 473 iudici
444 452 509 472 non
520 440 677 484 probem]

238 497 260 528 l.
279 506 329 538 31.
369 496 506 538 fuissem
520 497 555 528 in
570 508 609 528 eo
623 507 769 529 numero.
814 506 955 538 reynum,
972 496 1087 535 which,
1104 495 1200 528 while
1213 507 1280 539 yon
1298 497 1372 537 live,

174 540 242 572 stin
263 540 373 572 exists.
420 541 469 572 Of.
494 540 560 572 Cic.
583 541 625 572 ad
644 541 792 572 Cassium
815 540 876 582 (ep.
893 541 935 572 ad
950 541 1028 572 fam.
1045 548 1106 572 ΧΠ.
1127 539 1176 582 1)t
1207 544 1247 572 ut
1266 540 1376 580 adhuc

102 614 108 620 ,
173 583 301 624 quidem
315 588 423 615 actum
437 588 488 622 est,
506 595 570 615 non
585 595 689 624 regmo,
706 583 760 616 sed
775 594 844 624 reye
860 583 986 615 liberati
1007 583 1155 615 videmur
1163 595 1180 621 ,·
1207 583 1374 625 interfecto

172 627 257 659 enim
275 637 345 667 reqe
365 627 467 667 regios
488 638 591 659 omnes
613 632 711 659 nutus
734 632 866 659 utemur.
907 627 1016 668 Neque
1037 637 1108 659 vero
1127 626 1167 659 id
1186 627 1297 666 solum,
1321 627 1375 660 sed

172 671 270 702 ctiam
284 681 363 712 quae
377 671 443 711 ipse
457 671 521 710 ille,
546 671 574 702 si
595 671 719 709 viveret,
743 682 808 702 non
825 670 957 712 faceret,
981 681 1020 702 ea
1040 681 1097 702 nos
1118 669 1212 711 quasi
1234 670 1375 711 coyitata

173 715 212 745 ab
240 714 299 746 illo
325 715 506 755 probamus,
544 715 612 746 Nec
641 714 708 746 eius
738 714 865 756 quidem
894 714 942 746 rei
966 714 1066 755 finem
1087 713 1186 746 video.
1234 714 1375 747 Tabulae

165 758 324 798 figsuntur,
356 757 574 790 immunitates
604 757 736 796 dantur,
767 757 920 798 pecuniae
951 757 1110 789 maximae
1141 756 1370 797 describuntur,

171 802 288 833 exsules
307 801 515 840 reducuntur,
539 806 666 833 senatus
689 802 833 833 consulta
847 801 943 842 falsa
964 800 1164 851 deferuntur,
1189 805 1227 832 ut
1247 805 1374 833 tantum

171 845 263 876 modo
278 845 389 876 odium
403 844 490 876 illud
505 845 643 876 bominis
664 845 780 886 inpwri
801 849 831 876 et
850 844 1012 877 servitum
1033 844 1127 876 dolor
1148 843 1298 886 depulsus
1313 855 1373 878 esse

170 888 329 926 mdeatur,
353 898 402 920 333
420 888 555 932 publica
575 889 679 920 iaceat
699 888 737 920 in
757 887 800 920 tis
818 887 1120 929 perturbationibus,
1143 888 1182 920 in
1203 898 1283 929 quas
1303 899 1373 920 eam

170 932 227 963 ille
242 931 381 963 coniecit.
406 933 447 963 ad
463 933 538 964 Att.
556 940 626 964 XIV.
643 933 709 975 9.§
725 942 761 964 2.
792 931 819 964 0
833 931 871 964 di
885 931 977 964 boni!
991 931 1070 963 vivit
1086 935 1110 963 t
1099 941 1242 972 Jrannzs
1261 935 1370 972 tyran-

170 986 231 1007 33333
246 975 371 1007 occidit.
412 975 512 1018 [Intr.
530 978 614 1017 §30
632 942 674 1007 a9d
684 977 758 1007 Att.
776 983 847 1007 XIV.
865 985 905 1016 14
906 977 999 1014 ,ξιτ
1024 974 1148 1006 sublato
1163 974 1247 1006 enim
1264 979 1286 1006 t
1275 985 1372 1015 stan

170 1029 211 1050 no
235 1018 415 1059 ι3]3α33333’ἅα
435 1029 562 1050 manere
583 1019 680 1051 video.
728 1019 817 1050 Nam
833 1029 913 1060 quae
927 1018 984 1050 ille
992 1017 1148 1059 facturus
1161 1018 1316 1059 nonfuit,
1334 1029 1372 1050 ea

164 1062 260 1102 fiunt,
278 1067 315 1094 ut
337 1062 376 1094 de
400 1062 522 1100 Clodia
539 1062 578 1094 de
600 1073 661 1104 quo
682 1061 765 1094 33331ιί
786 1062 988 1102 exploratum
1008 1065 1053 1093 est
1074 1061 1170 1093 illum
1191 1072 1257 1093 non
1277 1062 1370 1093 modo

170 1116 234 1136 mm
243 1106 362 1146 factm
363 1117 415 1137 um
434 1106 488 1138 sed
511 1106 607 1137 etiam
629 1116 667 1138 333
684 1116 859 1146 passurum
881 1105 1008 1146 quidem
1023 1104 1137 1146 fuisse.
1177 1105 1259 1147 <The
1273 1105 1372 1137 recall

171 1150 204 1180 of
219 1150 350 1181 Clodius
365 1160 432 1181 was
448 1150 647 1181 condemned
663 1150 731 1181 also
745 1150 790 1191 by
805 1149 924 1180 Pansa.
966 1148 1043 1180 ibid.
1067 1158 1150 1190 19.
1135 1150 1151 1171 Q
1163 1158 1193 1180 2.
1221 1148 1262 1180 cf.
1279 1159 1368 1190 supr.

171 1195 232 1234 §.9
261 1193 281 1224 1.
299 1192 354 1234 6..)
388 1193 454 1224 Cic.
479 1193 520 1224 ad
544 1193 693 1224 Cissium
709 1193 762 1234 (ad
776 1193 854 1224 fam.
875 1200 936 1223 ΧΠ.
955 1204 984 1232 4.
1003 1191 1085 1232 §1):
1118 1191 1234 1223 Vellem
1256 1191 1371 1224 Idibus

169 1237 249 1267 Mao
251 1236 305 1267 tiis
319 1247 366 1267 me
381 1236 426 1268 ad
441 1246 548 1268 cenam
562 1237 749 1269 invitasse-«5.-
771 1235 984 1277 reliquiarum
997 1234 1085 1266 nihil
1101 1234 1228 1275 fuisset.
1272 1235 1371 1267 anc

169 1290 216 1311 me
230 1280 386 1320 reliquiae
399 1284 480 1311 vestr
482 1290 517 1311 ac
531 1284 678 1318 exercent,
692 1284 722 1311 et
735 1279 863 1320 quidem
874 1283 1003 1320 praeter
1017 1282 1131 1310 ceteros
1143 1288 1200 1310 me.
1228 1278 1278 1310 cf.
1291 1278 1367 1310 infr.

169 1323 201 1363 ἓξ
217 1323 267 1362 86,
290 1334 301 1354 1
312 1333 348 1364 ¹3
364 1334 432 1365 seq.
478 1323 530 1355 On
544 1334 677 1363 reynum
691 1334 779 1364 supr.
796 1324 813 1362 ἓ
829 1333 878 1365 29.
903 1323 925 1354 l.
944 1332 981 1364 31
996 1321 1047 1364 n.]

232 1379 254 1411 l.
273 1389 323 1420 32.
369 1379 471 1417 stilus,
488 1390 509 1411 a
523 1378 635 1410 double
649 1379 798 1411 entendre
813 1379 926 1419 (hence
944 1382 983 1410 ut
1004 1377 1130 1410 dicitur
1143 1391 1173 1405 =
1190 1380 1230 1410 ut
1250 1377 1366 1420 aiunt),

169 1433 205 1454 as
221 1422 339 1454 Horat.
357 1426 418 1454 sat.
430 1431 466 1454 Π.
486 1432 511 1454 1.
526 1432 582 1464 39:
608 1423 661 1454 sed
676 1423 729 1454 hic
743 1422 836 1454 stilus
851 1421 943 1454 baud
953 1426 1038 1462 petet
1051 1422 1139 1453 ultro
1158 1420 1164 1464 Ι
1181 1431 1369 1463 quemquam

168 1466 365 1497 animantem
379 1470 409 1497 et
422 1476 470 1497 me
484 1466 582 1497 veluti
599 1466 753 1498 custodiet
764 1466 844 1497 ensis
863 1465 867 1507 Ι
887 1466 1008 1505 vayina
1028 1469 1133 1496 tectus.
1173 1463 1254 1506 [For
1267 1469 1305 1496 ut
1318 1465 1368 1496 di-

168 1509 254 1541 citur
275 1510 382 1551 Seyffe
383 1513 415 1540 rt
437 1509 491 1550 (ad
514 1510 605 1541 Lael.
630 1511 646 1548 ἓ
667 1516 718 1551 97,
743 1520 773 1551 p.
794 1510 868 1551 539)
894 1509 974 1540 cites
997 1508 1062 1540 Cic.
1089 1509 1131 1540 de
1153 1509 1204 1539 off.
1224 1516 1245 1540 1.
1273 1509 1364 1546 §8oe

168 1552 207 1584 de
227 1553 335 1593 ‚qrada
357 1552 448 1591 deici,
472 1557 510 1584 ut
531 1552 664 1584 dicitur.
704 1553 796 1584 Lael.
813 1554 829 1591 ἓ
849 1561 925 1584 101:
957 1551 1004 1584 ad
1025 1552 1148 1591 calcem,
1173 1555 1211 1583 ut
1232 1551 1365 1590 dicitur,

165 1597 335 1637 pervenire.
354 1600 417 1628 etc.
463 1597 543 1628 Add
558 1597 601 1627 ad
615 1597 694 1628 fam.
712 1604 759 1628 rx.
777 1594 829 1627 26.
848 1596 928 1636 §2.]

231 1651 269 1682 P.
292 1659 338 1691 15.
387 1650 423 1692 [1.
446 1661 470 1682 1.
517 1650 601 1682 mibi
616 1650 713 1682 erede.
739 1661 820 1692 very
834 1660 984 1681 common
1002 1649 1039 1682 in
1060 1649 1126 1682 Cio.
1167 1649 1267 1683 Crede
1285 1649 1368 1683 mihi

166 1693 194 1726 is
209 1705 360 1726 common
373 1694 409 1725 in
424 1694 517 1726 other
531 1694 666 1731 writers,
684 1693 768 1725 but'
758 1704 786 1724 is
809 1693 879 1724 said
901 1696 937 1724 to
956 1693 998 1724 be
1018 1693 1122 1725 found
1144 1694 1222 1735 only
1235 1705 1256 1734 4
1271 1694 1367 1727 times

163 1737 202 1770 in
216 1738 279 1769 Cic.
295 1738 359 1769 and
375 1738 472 1769 that
463 1749 498 1769 m
513 1737 569 1769 the
583 1738 705 1775 letters,
719 1737 761 1768 ad
776 1736 854 1768 fam.
866 1745 898 1767 x.
916 1735 946 1768 6.
966 1737 983 1775 ἓ
999 1746 1034 1768 2·
1027 1761 1034 1768 .
1053 1736 1141 1768 crede
1155 1737 1260 1778 iyitur
1272 1737 1364 1769 mihi.

167 1781 285 1821 (where
300 1782 357 1812 the
370 1781 582 1812 termination
602 1781 636 1812 of
657 1791 678 1812 a
698 1783 904 1821 pentameter
924 1780 953 1811 is
975 1779 1148 1820 avoided);
1169 1780 1212 1812 ad
1227 1781 1300 1813 Att„
1315 1789 1364 1813 VI.

165 1824 196 1856 6.
215 1826 231 1863 §
250 1835 275 1863 1,
293 1833 367 1856 vm.
388 1835 436 1865 14.
456 1826 472 1863 ἓ
491 1835 516 1863 1,
533 1832 604 1856 XIV.
625 1832 673 1864 15.
691 1825 707 1862 ξ
723 1823 770 1865 3.]

231 1879 267 1918 [1.
287 1890 316 1912 2.
362 1880 567 1921 confecissem.
615 1880 752 1911 verbum
773 1879 973 1921 ambiguum,
991 1879 1079 1922 quod
1100 1890 1166 1911 non
1189 1880 1294 1912 solum
1315 1883 1367 1914 est

165 1923 341 1962 absolvere,
359 1924 415 1955 sed
431 1924 532 1955 etiam
547 1924 700 1955 occidere.
740 1923 927 1964 confectores
942 1937 971 1950 =
987 1923 1141 1955 bestiarii.
1181 1923 1290 1966 ABR]

228 1980 249 2011 l.
270 1992 299 2020 4.
345 1980 503 2012 Narbone.
551 1980 634 2012 Intr.
656 1980 672 2019 ἐ
695 1989 745 2011 20.
785 1978 916 2021 [Narbo
938 1979 1081 2012 Martius
1105 1979 1299 2020 (Noerbonne)
1321 1989 1381 2013 on-

164 2024 220 2055 the
241 2024 333 2055 Atax
356 2023 472 2064 (Ande)
488 2023 636 2055 received
658 2034 679 2055 a
699 2023 815 2064 colony
838 2023 872 2054 of
894 2023 1024 2054 Roman
1045 2023 1177 2054 citizens
1200 2031 1262 2054 Rc.
1294 2024 1362 2062 118,

164 2067 229 2098 and
244 2067 375 2099 became
391 2067 447 2098 the
462 2070 532 2098 seat
547 2067 581 2098 of
601 2067 658 2098 the
673 2077 833 2108 governor
855 2067 888 2097 of
909 2067 966 2098 the
979 2067 1132 2107 province
1145 2077 1152 2104 ;
1168 2067 1276 2098 before
1290 2067 1365 2098 that
1394 2067 1396 2071 '

166 2111 244 2142 time
259 2111 286 2142 it
301 2111 438 2142 rivalled
456 2111 606 2142 Massilia
620 2121 656 2142 as
671 2121 714 2141 an
746 2110 910 2151 mporium
925 2110 959 2141 of
973 2110 1098 2141 British
1113 2109 1191 2151 tim]
1378 2109 1386 2119 '

232 2164 404 2196 consilium
435 2175 555 2204 cepzsse.
605 2163 647 2195 A*
664 2163 839 2196 rhetorical
867 2163 1044 2195 falsehood.
1090 2163 1185 2195 Treb.
1217 2161 1363 2195 sounded

170 2208 244 2239 Ant.
264 2208 404 2239 without
424 2208 591 2249 receiving
612 2219 679 2250 any
699 2208 848 2249 promise.
891 2207 973 2238 Intr.
991 2217 1024 2238 n.
1045 2205 1095 2246 76.

226 2262 248 2292 l.
265 2260 296 2292 6.
344 2266 371 2291 tc
397 2262 523 2294 follows
547 2262 633 2294 after
646 2271 744 2303 quem,
768 2272 803 2292 as
828 2261 919 2291 often
941 2261 1036 2291 when
1050 2264 1117 2292 two
1131 2260 1268 2310 relative
1289 2269 1360 2292 sen·
