1396 2436
86 97 135 134 24
381 94 435 132 M.
469 91 669 131 TULLII
693 89 989 131 CICERONIS

85 205 125 238 et
146 213 189 239 re
213 199 371 250 publica
395 199 546 249 dignus.
605 196 719 234 Nihil
748 195 791 233 id
818 194 977 246 quidem
1009 193 1059 231 ad
1090 205 1183 240 rem,
1213 203 1283 241 ego

86 269 230 312 tamen,
250 263 435 315 quoniam
462 262 764 300 condemnatum
790 272 871 297 esse
882 260 965 312 v{pro
984 258 1108 295 nihilo
1131 243 1206 304 est>
1227 255 1285 293 ita

86 330 337 380 ignoscerem.
393 327 610 365 Hominem
655 324 831 362 omnium
875 323 1171 374 nequissimum,
1216 321 1286 372 qui

86 406 166 432 non
184 393 387 431 dubitaret
406 391 470 429 vel
489 391 531 428 in
550 391 633 428 foro
653 390 736 427 alea
754 389 897 436 ludere,
920 388 1015 438 lege,
1036 399 1137 437 quae
1159 389 1220 424 est
1238 385 1286 423 de

87 459 180 506 alea,
191 458 492 496 condemnatum
507 456 576 507 qui
588 456 631 493 in
642 456 839 505 integrum
849 453 1035 499 restituit,
1044 453 1078 490 is
1090 465 1169 489 non
1179 464 1285 502 aper-
1295 462 1313 490 ο

88 525 237 563 tissime
255 523 432 561 studium
453 535 569 559 suum
594 521 677 571 ipse
696 519 922 571 profitetur?
978 518 1045 558 57.
1082 517 1135 555 In
1152 517 1287 556 eodem

67 628 71 644 ί
90 603 180 629 vero
211 589 426 635 tribunatu,
450 600 538 624 cum
559 586 702 624 Caesar
721 585 765 623 in
788 584 1025 635 Hispaniam
1043 583 1289 634 proficiscens

0 637 72 704 ''55³5“
89 655 180 692 huic
198 653 502 700 conculcandam
528 651 690 689 Italiam
708 651 944 697 tradidisset,
975 662 1075 700 quae
1100 649 1180 686 fuit
1205 648 1289 686 eius
1359 668 1396 705 λι

89 719 307 772 peragffitio
336 718 525 762 itinerum
540 744 550 762 ,
595 716 779 766 lustratio
806 715 1133 766 municipiorum!
1200 713 1288 752 Scio
1297 692 1396 750 καῖ-’πθ

90 798 152 822 me
182 785 226 822 in
257 784 372 822 rebus
404 782 714 821 celebratissimis
736 781 912 819 omnium
938 793 1114 819 sermone
1143 779 1289 817 versari
1300 793 1330 820 ιο

91 864 223 902 eaque,
253 863 354 902 quae
381 850 467 887 dico
492 849 747 900 dicturusque
765 860 862 896 sum,
889 847 1043 885 notiora
1067 858 1148 884 esse
1167 845 1290 883 omni-

90 917 174 964 bus,
200 917 269 967 qui
293 916 336 953 in
361 915 482 952 Italia
513 918 600 952 tum
630 914 802 961 fuerunt,
835 925 955 964 quam
981 910 1090 958 mihi,
1117 910 1188 961 qui
1210 922 1291 947 non

90 982 169 1020 fui:
192 981 338 1020 notabo
356 983 490 1018 tamen
508 979 679 1029 singulas
697 991 769 1026 res,
791 977 865 1015 etsi
883 975 993 1014 nullo
1011 975 1126 1012 modo
1144 974 1291 1025 poterit

91 1049 217 1087 oratio
253 1061 342 1086 mea
377 1047 474 1085 satis
509 1046 635 1084 facere
672 1048 825 1083 vestrae
861 1042 1061 1081 scientiae.
1130 1039 1290 1077 Etenim

92 1114 197 1166 quod
234 1125 422 1163 umquam
454 1112 496 1148 in
525 1110 641 1148 terris
672 1112 830 1147 tantum
861 1106 1055 1156 flagitium
1091 1104 1331 1143 exstitissem

96 1177 276 1216 auditum
303 1178 372 1220 est,
401 1177 554 1210 tant-am
581 1171 882 1221 turpitudinem,
902 1172 1059 1206 tantum
1088 1166 1285 1206 dedecus?

6 1226 50 1271 '³
94 1238 260 1278 XXIV.
319 1237 381 1275 58.
443 1235 674 1273 vehebatur
698 1234 741 1271 in
766 1231 898 1288 Q
915 1231 1099 1268 tribunus
1119 1230 1170 1280 pl.
1182 1243 1195 1278 ;
1225 1230 1291 1268 lic>
1373 1274 1378 1277 ,

93 1309 197 1343 tores
222 1302 390 1341 laureati
418 1300 712 1346 antecedebant,
745 1299 849 1336 inter
875 1309 971 1347 quos
996 1299 1131 1346 aperta
1154 1295 1292 1352 lffissjca
1313 1277 1396 1319 «¹¹⁷st*

70 1397 74 1427 J
93 1371 213 1408 mima
230 1368 472 1419 portabatur,
500 1378 618 1416 quam
646 1377 695 1402 ex
720 1362 872 1414 oppidis
890 1361 1144 1411 municipales
1161 1360 1284 1399 homi-

68 1429 162 1478 ?nes
190 1434 352 1481 honesti,
381 1432 536 1470 obviam
563 1430 777 1468 necessario
807 1427 1052 1479 prodeuntes,
1084 1439 1164 1464 non
1192 1431 1287 1464 noto
1301 1439 1333 1465 20

66 1508 71 1570 ᾗ
95 1503 163 1541 illo
182 1506 222 1539 et
241 1500 398 1538 mimico
417 1498 586 1544 nomine,
614 1496 681 1534 sed
699 1494 956 1533 Volumniam
981 1492 1291 1530 consalutabant.
1392 1479 1394 1482 Ι

68 1571 72 1616 ᾗ
97 1567 341 1618 Sequebatur
365 1564 458 1602 reda
487 1575 576 1601 cum
605 1561 821 1607 lenonibus,
853 1558 1012 1596 comites
1041 1555 1291 1607 nequissimi:

70 1632 75 1673 ἶ
96 1632 240 1670 reiecta
268 1633 395 1668 mater
412 1627 577 1666 amicam
596 1626 730 1676 inpuri
755 1624 828 1662 filii
853 1627 1055 1673 tamquam
1072 1634 1216 1659 nurum
1235 1633 1293 1659 se-

72 1687 299 1749 {quebatun
357 1693 392 1731 Ο
425 1692 588 1730 miserae
618 1689 794 1727 mulieris
826 1687 1105 1736 fecunditatem
1138 1685 1294 1724 calami-
1342 1691 1344 1693 ’

76 1753 246 1801 ¹⁸*tosaml
303 1759 462 1797 Horum
486 1756 725 1806 flagitiorum
753 1755 827 1792 iste
853 1752 1029 1802 vestigiis
1054 1751 1182 1790 omnia
1210 1764 1290 1789 mu·
1304 1761 1336 1790 ξε

84 1814 250 1881 {nicipifn
271 1825 546 1876 praefecturas,
573 1821 752 1869 colonias,
785 1823 909 1858 totam
937 1818 1106 1868 denique
1132 1817 1293 1856 Italiam

94 1894 291 1946 inpressit.

179 1962 242 1999 59.
299 1958 557 2008 Reliquorum
581 1955 772 1993 factorum
800 1952 893 1999 eius,
918 1954 1049 2002 patres
1074 1949 1294 2000 conscripti,
1368 1974 1377 1983 ,

73 2026 266 2091 ⁸qdifficilis
285 2028 344 2062 est
362 2035 453 2061 sane
479 2019 723 2072 reprehensio
752 2022 792 2056 et
819 2017 978 2070 IQ'ica.
1035 2015 1228 2053 Versatus
1253 2015 1298 2052 in
1381 2005 1396 2026 ³

0 2079 82 2142 ³3¹2)
98 2076 200 2130 'bello
227 2094 313 2137 est3
343 2087 538 2126 saturavit
569 2099 609 2123 se
640 2084 829 2134 sanguine
859 2081 1209 2119 dissimillimorum
1236 2079 1338 2117 suia·

21 2139 38 2155 Τ
79 2151 264 2195 'civiumz
293 2153 391 2203 felix
422 2152 509 2198 fuit,
542 2151 574 2188 si
600 2153 728 2200 potest
758 2147 840 2185 ulla
871 2147 914 2184 in
942 2146 1084 2184 scelere
1106 2158 1188 2184 esse
1213 2144 1296 2182 feli-

100 2222 206 2261 citas.
263 2218 339 2257 Sed
367 2217 552 2268 quoniam
578 2212 771 2252 veteranis
806 2214 964 2249 cautum
991 2222 1072 2247 esse
1100 2209 1291 2255 volumus,
