1396 2436
90 111 110 141 s
125 112 144 163 ⁹.
160 109 202 140 20
216 107 272 148 21]
419 110 619 146 CICERO‘S
642 113 803 147 POEMS.
851 113 1026 148 SGALAs.
1244 108 1292 146 75

90 202 130 235 de
151 213 199 253 qne
219 203 346 236 meritos
367 214 472 236 omnes
491 204 668 254 nominare.
715 205 763 237 Cf.
783 205 826 255 de
838 205 891 236 off.
908 208 965 255 ἧς
983 213 1040 255 773
1067 205 1163 256 [lh-td
1184 211 1289 257 autem

90 250 246 322 ἳῧῗαᾝῗ
250 247 623 331 ὅέἆᾝὲἴξΐὲἔέῖῗίι
635 248 1288 325 {altssza‘sstfflfftf&tamtam-2:

91 336 166 371 mn,
182 333 270 365 nobis
283 343 394 374 remp.
412 334 660 374 otther-nantibus
674 345 777 367 nonne
793 339 881 376 toyae
902 345 997 367 mma
1018 338 1196 368 cesserunt!
1224 337 1287 368 Ne-

90 386 148 418 que
162 376 247 408 enm
257 377 440 417 periculum
454 377 491 408 in
506 388 540 409 re
551 378 685 418 publica
700 378 775 419 fuit
795 378 926 419 yravius
941 389 1094 420 umquam
1107 389 1163 410 nec
1183 379 1289 411 maius

89 419 200 452 otim.
246 420 357 452 Cicero
378 420 434 460 (or.
456 420 492 452 in
514 421 580 452 Pis.
610 424 626 460 ἓ
652 422 704 463 73)
728 422 818 463 gives
841 422 898 454 the
924 422 1031 454 words
1056 423 1113 454 the
1136 423 1289 465 meaning

92 462 224 495 ‘belbwm
245 473 285 495 ae
306 464 480 495 tumultum
496 464 575 504 paci
597 469 691 506 atque
714 465 778 496 otio
800 475 1016 497 concessuwm
1026 465 1050 502 ,·’
1079 466 1140 497 but
1161 466 1218 498 the
1238 477 1288 498 re-

89 506 238 538 mainder
251 507 288 539 of
300 507 358 539 the
373 518 465 539 verse
479 508 544 539 and
560 508 617 540 the
631 519 767 550 passage
781 509 816 540 in
830 509 887 540 the
901 509 942 540 de
957 510 1009 541 off.
1028 509 1118 540 shew
1139 510 1196 541 the
1216 513 1289 541 true

89 550 347 592 interpretation,
367 553 376 567 ‘
385 551 532 593 military
546 552 643 583 merit
657 555 746 583 must
761 552 827 583 vail
841 555 876 584 to
891 552 990 584 civil!
1034 553 1081 584 Of.
1101 553 1232 584 Cassius
1247 553 1288 585 ad

89 593 154 625 cic.
183 593 244 635 (ep.
269 594 311 625 ad
333 594 410 626 fam.
436 603 497 626 ΧΠ.
519 603 567 634 13.
587 596 603 634 ἓ
623 595 668 634 1):
702 595 819 627 Fatale
843 595 944 627 neseio
970 595 1050 637 quid
1077 600 1150 628 tuae
1172 596 1289 628 virtuti

90 635 213 676 damam,
229 636 268 668 id
282 637 367 678 quod
381 648 471 678 saepe
490 637 558 670 iam
580 638 701 678 experti
721 649 830 671 sumus
840 652 854 675 ,·
878 643 923 671 est
944 639 1029 671 enim
1052 644 1110 671 tua
1132 644 1206 681 toya
1227 651 1289 671 om-

89 679 182 711 nium
213 680 315 713 armis
347 680 491 722 felicior.
538 681 642 724 [Plut.
675 682 789 724 (comp.
818 683 913 714 Dem.
944 693 971 714 c.
1001 683 1065 715 cic.
1094 682 1125 718 2)
1156 684 1288 715 renders

92 723 186 755 laudi
200 725 244 764 τῇ
257 724 561 765 Ὑλώττῃ.-Οἱεθι·ο
577 728 692 766 quotes
707 726 765 757 the
784 725 873 757 third
896 726 981 758 book
996 726 1031 758 of
1051 726 1102 758 his
1117 737 1212 768 poem
1235 727 1288 769 (ad

89 767 164 799 Att.
180 775 217 799 11.
236 777 266 808 3.
283 770 300 807 ἓ
316 767 357 809 3).
404 768 440 800 It
454 779 521 800 was
536 769 668 800 written
683 777 748 800 sc.
766 768 836 810 60.]

153 834 187 874 [l.
215 843 263 875 14.
308 844 420 866 nonne.
467 835 519 867 On
541 835 598 866 the
620 835 762 876 position
783 835 824 867 cf.
849 835 953 867 Acad.
979 843 1014 867 Π.
1041 837 1058 876 ἓ
1080 834 1138 868 86:
1178 835 1288 875 Quid?

89 875 147 909 Ιιοο
160 887 263 910 rumne
277 877 406 910 videtur
420 879 494 910 etc?
517 889 548 920 p.
566 878 648 910 Sest.
669 881 684 918 ἓ
702 877 770 921 47.]

154 931 190 974 [l.
219 933 267 965 18.
312 933 458 966 versibus.
505 934 555 966 cf.
580 935 604 967 J
608 946 660 966 uv.
685 944 718 966 x.
748 944 806 975 123
829 946 895 976 seq.
921 936 968 975 (at
989 935 1046 967 the
1068 936 1152 967 back
1173 936 1208 967 of
1231 936 1289 967 the

89 975 163 1007 title
185 975 290 1018 page).
336 977 473 1016 Quintil.
491 987 538 1009 XI.
568 988 594 1010 1.
619 981 635 1018 ἓ
660 989 717 1017 24:
750 979 795 1010 In
817 979 1011 1010 carminibus
1033 979 1160 1010 utinam
1177 990 1287 1020 peper-

90 1019 186 1058 cisset,
203 1030 283 1060 quae
297 1031 363 1052 mm
377 1021 539 1053 desierant
554 1032 683 1063 campere
702 1022 850 1063 maliqni,
877 1025 886 1039 ‘
897 1023 1025 1055 Cedant
1043 1023 1152 1054 arma’
1175 1026 1238 1055 ete.
1260 1026 1290 1055 et

93 1063 138 1095 ‘0
152 1063 354 1096 fortunatam
364 1064 372 1078 ’
388 1064 467 1107 eta]

151 1123 173 1154 l.
204 1134 254 1155 20.
300 1123 446 1165 defuisse.
502 1125 584 1157 Ant.
613 1136 716 1157 seems
746 1128 782 1157 to
806 1125 891 1157 have
917 1126 1093 1167 suggested
1121 1126 1196 1158 that
1221 1125 1287 1158 Cio.

88 1165 195 1208 might
208 1168 312 1209 spond
325 1167 377 1200 his
392 1168 472 1200 time
487 1179 578 1200 more
593 1169 768 1210 profitably
783 1169 864 1200 than
879 1169 914 1200 in
928 1170 1061 1211 writing
1075 1170 1218 1212 doggrel.

153 1225 190 1269 [l.
209 1237 260 1259 21.
305 1227 393 1259 mani
410 1238 528 1269 yemrc.
575 1228 715 1260 Calenus
737 1228 910 1269 (invective
930 1229 1061 1271 against
1081 1229 1145 1261 Cic.
1168 1230 1203 1260 in
1223 1230 1289 1261 Dio

89 1278 179 1302 XLVI.
198 1271 268 1312 23):
296 1271 357 1303 ‘he
371 1272 526 1313 pretends
548 1274 583 1303 to
606 1273 647 1303 be
667 1283 688 1304 a
706 1272 911 1310 rhetorician,
936 1276 1020 1314 poet,
1045 1276 1162 1311 orator,
1187 1274 1286 1314 philo-

88 1313 205 1356 sopher
219 1314 284 1346 and
298 1314 480 1346 historian?
524 1314 632 1357 ABR]

150 1373 279 1406 monim.
302 1373 325 1406 i.
337 1386 364 1406 e.
382 1375 539 1417 writings,
553 1386 589 1407 as
605 1375 744 1417 keeping
755 1387 798 1417 up
810 1375 867 1407 the
881 1386 1029 1418 memory
1039 1376 1074 1408 of
1088 1376 1144 1409 the
1158 1376 1286 1410 author.

153 1432 189 1475 [l.
208 1444 258 1466 22.
303 1432 472 1466 iuventuti.
518 1434 561 1466 ad
582 1434 657 1465 Att.
675 1443 711 1465 11.
739 1445 766 1466 1.
790 1437 806 1474 ξ
824 1445 859 1475 3:
888 1435 1111 1468 oratiunculas
1132 1441 1238 1468 autem
1260 1442 1290 1469 et

88 1487 167 1518 quas
176 1477 323 1518 postulas
338 1482 367 1509 et
378 1478 489 1517 plures
504 1477 600 1509 etiam
615 1477 751 1517 mittam,
769 1478 921 1519 quoniam
935 1479 1063 1520 quidem
1077 1490 1122 1518 ea,
1140 1491 1220 1521 quae
1234 1492 1289 1513 ms

88 1519 252 1552 scribtam
280 1520 593 1553 adulescentulorum
620 1521 739 1553 studiis
769 1521 907 1560 concitati,
941 1527 969 1554 te
998 1522 1095 1554 etiam
1120 1523 1285 1556 delectant.

89 1563 138 1595 Of.
154 1574 186 1605 p.
203 1564 287 1596 Sest.
304 1566 320 1604 ξ
340 1574 388 1604 14.
405 1565 486 1596 with
509 1564 640 1596 Halm’s
654 1576 687 1596 n.
723 1565 764 1596 de
782 1565 839 1596 fin.
855 1573 879 1597 1.
896 1568 913 1605 ἓ
933 1576 971 1597 10
982 1576 1049 1608 seq.
1083 1567 1178 1598 Tusc.
1195 1575 1219 1599 1.
1237 1571 1253 1608 ἓ
1269 1577 1286 1608 5

89 1616 156 1648 seq.
173 1607 214 1639 de
229 1607 329 1639 divin.
347 1616 384 1639 n.
401 1619 429 1640 o.
449 1618 476 1647 2,
494 1608 585 1640 Plut.
605 1609 673 1640 Cic.
692 1618 743 1649 40.
763 1607 900 1646 Quintil.
918 1617 977 1640 ΧΠ.
1004 1620 1034 1640 ιι
1056 1613 1071 1647 g·
1088 1620 1104 1650 5
1122 1613 1188 1653 sq.]

151 1667 173 1698 1.
192 1677 242 1708 23.
288 1667 411 1698 nomini
426 1667 465 1698 R.
513 1668 561 1699 Cf.
580 1668 666 1699 Veu.
684 1667 759 1699 Pat.
777 1676 814 1699 11.
833 1678 883 1708 34.
902 1670 918 1707 ξ
936 1678 971 1709 3:
997 1668 1045 1699 M.
1065 1668 1174 1701 Cicero
1188 1688 1233 1693 —
1252 1675 1288 1701 ut

89 1709 157 1761 vita
185 1711 292 1743 clarus
320 1711 370 1742 ita
398 1711 525 1762 iayenio
555 1711 721 1761 raaz-imus,
750 1712 807 1752 qui
836 1712 934 1752 effecit
963 1722 1009 1751 ne,
1038 1722 1173 1753 quorum
1195 1723 1289 1745 amma

88 1762 271 1793 meeramus,
289 1765 397 1786 corum
411 1765 538 1795 myemo
553 1765 758 1786 mnoeremaw.

151 1818 180 1840 c.
195 1816 243 1840 lx.
267 1811 284 1849 ἓ
301 1819 351 1840 21.
375 1809 397 1840 1.
417 1807 468 1840 26.
506 1808 536 1841 si
552 1813 619 1840 tum
634 1808 761 1841 occisus.
786 1811 802 1848 ἓ
819 1819 870 1851 49.
895 1809 980 1841 Intr.
998 1811 1014 1849 ξ
1029 1808 1060 1841 6.

154 1861 190 1905 [1.
210 1873 260 1905 29·
305 1864 418 1895 scalas.
466 1863 552 1906 Only
566 1864 647 1896 used
661 1864 697 1896 in
711 1864 768 1896 the
782 1865 865 1906 plur.
901 1864 999 1896 Varr.
1018 1865 1056 1896 L.
1075 1865 1114 1896 L.
1132 1873 1179 1897 rx.
1197 1868 1213 1905 ἓ
1228 1864 1287 1908 69:

89 1907 194 1938 scalae
208 1906 292 1947 quod
307 1907 346 1938 ab
361 1907 546 1939 scandendo
561 1907 716 1939 dicantur
731 1912 760 1939 et
779 1907 921 1947 sinfflalos
942 1908 1064 1948 yradus
1086 1909 1288 1948 scanderent,

89 1949 191 1990 maffia
204 1954 276 1981 erat
289 1950 512 1991 quaeremlum,
529 1950 558 1982 si
572 1951 786 1992 appellassent
807 1951 970 1992 sinyulari
989 1952 1138 1983 vocabulo
1158 1953 1289 1991 scalam,

91 2002 162 2024 cum
187 1993 275 2034 origo
298 1993 481 2025 nominatus
505 1995 678 2026 ostenderet
700 1999 822 2026 contra.
869 1994 918 2026 Cf.
942 1994 1020 2026 ibid.
1047 1997 1080 2034 ἓξ
1102 1994 1153 2036 63,
1179 1994 1230 2033 68,
1255 2005 1289 2028 x.

90 2037 106 2074 ἓ
124 2044 172 2076 54,
189 2036 325 2075 Quintil.
342 2045 365 2068 1.
385 2045 413 2077 5.
433 2039 449 2076 ἓ
469 2035 517 2068 16.
563 2038 681 2070 Under
695 2038 752 2069 the
767 2038 864 2069 stairs
879 2048 946 2069 was
961 2049 981 2069 a
995 2049 1146 2070 common
1162 2039 1291 2080 biding-

91 2079 191 2120 plaee.
236 2079 326 2111 Thus
341 2080 407 2112 Cic.
424 2080 459 2111 in
471 2080 597 2112 Oornel.
615 2092 666 2123 ap.
691 2081 797 2125 Sehol.
821 2081 845 2112 J
847 2092 901 2112 uv.
918 2089 950 2112 v.
973 2082 1048 2113 118:
1082 2082 1234 2122 correpsit
1255 2082 1293 2114 in

91 2122 204 2154 scalas.
242 2122 325 2154 Hor.
350 2124 444 2165 epist.
466 2132 503 2154 11.
523 2134 551 2155 2.
573 2134 620 2164 14,
642 2132 679 2164 15
696 2125 731 2155 of
745 2135 765 2155 a
780 2125 885 2155 slave:
910 2125 1002 2156 semel
1024 2124 1077 2156 hic
1099 2125 1228 2156 cessavit
1249 2129 1288 2164 et,

92 2169 130 2196 at
138 2165 188 2205 fit,
209 2163 215 2202 Ι
234 2165 272 2196 in
290 2166 385 2198 scalis
407 2166 507 2198 lamit
528 2171 666 2199 metuens
684 2167 853 2207 pendentis
874 2167 1021 2199 habenae.
1068 2167 1111 2199 So
1125 2168 1161 2199 in
1176 2168 1240 2200 Cic.
1258 2179 1290 2211 p.

93 2207 167 2240 Mil.
185 2210 201 2247 ἓ
216 2218 267 2248 40,
284 2209 392 2241 where
406 2210 448 2241 he
463 2210 623 2241 describes
638 2211 695 2242 the
710 2221 800 2242 same
814 2221 908 2241 scene
923 2221 959 2242 as
974 2211 1068 2242 here:
1094 2211 1208 2251 Nuper
1222 2221 1293 2244 vero

93 2260 163 2282 cam
182 2251 230 2282 M.
251 2252 412 2284 Antonius
432 2263 588 2284 summam
609 2263 694 2294 spem
714 2253 830 2285 salutis
852 2253 939 2285 bonis
960 2254 1102 2285 ommibus
1123 2255 1291 2293 attulisset,
