1396 2436
175 120 254 159 ΟΕ.
276 119 613 159 PHILIPPICA
632 119 694 158 II.
724 133 753 158 c.
778 119 946 157 23-25,
979 118 1019 168 ἓξ
1040 117 1208 156 56-62,
1265 117 1313 154 25

113 237 349 276 quamquam
382 224 580 262 dissimilis
613 228 672 262 est
704 223 880 261 militum
911 234 1027 259 causa
1058 225 1099 260 et
1130 219 1316 258 tua—illi

113 290 236 328 secuti
253 293 357 336 sunt,
377 293 425 327 tu
443 288 630 339 quaesisti
649 288 853 335 ducem--‚
872 291 1012 334 tamen,
1026 299 1076 323 ne
1101 285 1206 336 apud
1227 284 1316 322 illos

115 369 178 394 me
207 355 251 394 in
285 355 476 393 invidiam
504 367 628 401 voces,
663 354 763 391 nihil
793 353 841 391 de
869 364 1010 402 genere
1041 350 1136 388 belli
1173 349 1310 387 dicam.

115 421 295 463 Victore
313 411 511 458 Thessalia
540 419 797 456 Brundisium
822 431 911 455 cum
938 416 1156 467 legionibus
1183 427 1314 452 rever-

89 487 209 525 utisti.
266 485 331 524 Ibi
366 498 429 523 me
464 497 544 523 non
582 484 767 522 occidisti.
826 481 1017 532 Magnum
1055 479 1310 518 beneficium!

115 551 288 602 potuisse
325 551 430 588 enim
459 550 609 587 fateor:
647 560 885 599 quamquam
913 558 1027 583 nemo
1056 548 1141 583 erat
1167 555 1312 589 eorum,

116 617 183 668 qui
212 621 300 654 tum
318 620 449 654 tecum
476 615 648 661 fuerunt,
678 615 748 664 qui
779 613 876 651 mihi
901 624 981 650 non
1008 614 1181 649 censeret
1208 608 1312 660 parci

116 684 302 732 oportere.
347 680 408 718 60.
431 679 559 717 Tanta
577 682 636 716 est
655 678 760 715 enim
780 677 921 731 calritas
939 675 1100 726 patriae,
1114 678 1162 712 ut
1175 673 1315 712 vestris
1343 651 1396 720 ‘ff‘

116 746 235 784 etiam
253 745 471 795 legionibus
503 747 661 782 sanctus
689 756 821 790 essem,
857 741 962 792 quod
987 754 1073 779 eam
1099 753 1124 778 a
1152 752 1214 777 me
1238 752 1314 776 ser-

79 821 108 848 10
117 816 248 850 vatam
267 824 347 849 esse
365 800 644 848 meminissent.
704 808 781 846 Sed
809 808 870 845 fac
888 807 929 844 id
959 811 999 844 te
1027 806 1177 845 dedisse
1204 805 1313 851 mihi,

118 876 222 928 quod
251 889 332 914 non
363 875 556 922 ademisti,
591 886 731 924 meque
761 886 784 909 a
813 877 853 910 te
885 873 1027 910 habere
1057 872 1192 919 vitam,
1222 870 1315 921 quia

118 955 197 980 non
226 954 251 980 a
281 945 324 980 te
354 941 407 979 sit
437 943 594 990 erepta:
632 939 796 977 licuitne
831 938 930 975 mihi
959 950 1029 993 ρει·
1057 941 1148 975 tuas
1179 940 1315 974 contu-
1331 922 1396 984 *ζμ

117 1006 252 1044 melias
268 1005 340 1044 hoc
358 1009 473 1044 tuum
497 1004 731 1042 beneficium
755 1004 811 1041 sic
830 1003 945 1055 tueri,
965 1006 1013 1040 ut
1036 1003 1186 1048 tuebar,
1207 1015 1327 1052 prae„
1339 1011 1396 1050 Μ·

117 1071 252 1109 sertim
269 1083 360 1109 cum
389 1074 430 1108 te
460 1069 554 1107 haec
583 1069 814 1118 auditurum
842 1068 1026 1106 videres?
1081 1067 1220 1104 XXV.
1252 1067 1312 1104 61.
1368 1058 1373 1062 ,

78 1147 108 1175 ιε
118 1135 278 1190 Venisti
289 1134 555 1181 Brundisium,
572 1133 615 1171 in
634 1134 764 1171 sinum
783 1133 940 1184 quidem
955 1137 995 1171 et
1011 1133 1054 1170 in
1069 1132 1316 1183 complexum
1330 1144 1342 1162 --·
1361 1144 1387 1162 “n-

118 1204 209 1239 tu'ae
227 1200 421 1238 mimulae.
479 1199 584 1245 Quid
610 1199 698 1236 est?
727 1211 824 1235 num
846 1198 1041 1236 mentior?
1098 1198 1227 1243 Quam
1245 1197 1316 1234 mi-

119 1279 249 1304 serum
273 1270 333 1304 est
350 1266 392 1304 id
420 1279 561 1316 negare
585 1278 665 1303 non
685 1278 806 1315 posse,
835 1264 938 1315 quod
963 1263 1016 1302 sit
1043 1262 1316 1313 turpissimum

122 1331 322 1370 confiteri!
347 1378 350 1379 ⁷
381 1331 424 1368 Si
442 1335 483 1369 te
508 1330 811 1380 municipiorum
836 1343 915 1366 non
942 1329 1124 1380 pudebat,
1146 1341 1196 1366 ne
1215 1333 1317 1365 vete-

120 1395 207 1433 rani
248 1396 407 1446 quidem
444 1395 665 1433 exercitus?
711 1395 799 1445 quis
836 1395 942 1431 enim
987 1393 1100 1431 miles
1135 1393 1212 1430 fuit
1248 1392 1317 1442 qui

77 1467 109 1493 2⁰
122 1460 324 1499 Brundisii
355 1461 465 1499 illam
497 1474 576 1498 non
610 1460 783 1498 viderit?
821 1460 908 1510 quis
933 1459 1002 1509 qui
1035 1457 1219 1496 nescierit
1253 1469 1316 1493 ve-

121 1525 224 1563 nisse
254 1538 338 1563 eam
367 1525 443 1563 tibi
466 1529 527 1562 tot
549 1525 701 1562 dierum
720 1524 825 1562 viam
844 1522 1113 1574 gmtulatum?
1143 1522 1231 1571 quis
1249 1521 1318 1572 qui

0 1581 94 1623 'st-'2²⁴⁴'
122 1604 201 1629 non
227 1591 442 1645 inQuerit
473 1595 556 1628 tam
585 1603 671 1628 sero
700 1603 740 1628 se
773 1602 891 1640 quam
921 1601 1090 1639 nequam
1118 1587 1318 1625 hominem

0 1635 4 1661 ἱ
122 1660 276 1694 secutus
295 1660 395 1694 esset
423 1655 680 1706 cognoscere?
737 1654 797 1692 62.
830 1653 974 1691 Italiae
1001 1665 1136 1690 rursus
1164 1665 1318 1703 percur-

122 1722 222 1759 satio
239 1722 373 1760 eadem
393 1721 534 1759 comite
552 1722 682 1769 mima,
713 1721 755 1758 in
783 1719 926 1770 oppida
952 1719 1126 1766 militum
1150 1718 1318 1756 crudelis

79 1790 162 1824 zet
179 1787 319 1824 misem
336 1786 529 1834 deductio,
559 1787 602 1824 in
627 1786 724 1824 urbe
756 1786 853 1832 auri,
885 1784 1039 1835 argenti
1070 1784 1318 1834 maximeque
1395 1830 1396 1833 Ἰ

0 1862 71 1890 ..hau
121 1851 204 1888 vini
220 1851 332 1889 foeda
357 1851 534 1901 dire—-ptjo,
591 1850 774 1898 Accessit
797 1854 843 1887 ut
867 1849 1032 1887 Caesare
1056 1849 1202 1899 ignaro,
1227 1861 1316 1886 cum
1340 1831 1396 1889 ,ΡΗ

122 1920 221 1954 esset
248 1916 315 1954 ille
340 1916 627 1963 Alexandreae,
663 1915 850 1952 beneficio
880 1914 1094 1952 amicorum
1129 1914 1211 1951 eius
1238 1926 1318 1951 ma-

121 1981 242 2031 gister
275 1982 452 2032 equitum
485 1982 799 2018 constitueretur.
858 1979 959 2017 Tum
996 1978 1240 2017 existimavit
1276 1990 1318 2015 se

122 2057 193 2082 suo
210 2045 295 2082 iure
316 2058 405 2082 cum
424 2045 576 2095 Hippia
595 2045 729 2082 vivere
747 2048 788 2081 et
807 2057 925 2094 equos
947 2043 1157 2093 vectigales
1183 2042 1318 2092 Sergio
1338 2028 1396 2094 PT]

0 2108 242 2178 &menomxirno
259 2110 422 2148 tradere.
481 2110 582 2147 Tum
600 2110 673 2147 sibi
692 2122 771 2146 non
797 2109 908 2156 hanc,
940 2121 1058 2159 quam
1086 2120 1193 2145 nunc
1217 2107 1318 2144 male
1344 2108 1356 2153 Ἀ,
1378 2103 1396 2113 ’“

124 2178 267 2222 tuetur,
287 2174 354 2212 sed
382 2174 437 2211 M.
470 2173 624 2211 Pisonis
657 2174 816 2211 domum
843 2172 914 2210 ubi
937 2171 1134 2209 habitaret
1160 2170 1315 2220 legerat.

125 2240 231 2288 Quid
253 2253 322 2290 ego
339 2241 453 2278 istius
485 2239 650 2286 decreta,
684 2239 780 2290 quid
806 2237 973 2292 rapinas,
1003 2236 1099 2288 quid
1126 2221 1396 2284 heredita-»rii
