1396 2436
69 121 181 162 ³⁰⁷6]
223 118 442 152 GAmes.
491 117 554 151 UT
576 99 773 151 vizone-is.
818 115 948 148 ΡΕΤο.
994 112 1128 145 Roeo,
1193 100 1269 138 119

0 214 19 226 ²⁴
66 212 188 254 apulo·
215 210 370 254 quosdam
397 219 468 242 suos
502 212 658 240 senatores
691 206 818 239 vidisset
854 205 905 238 dic
934 205 1056 246 feriato
1087 203 1205 236 ‘tunicis
1244 207 1272 236 ct

0 255 17 291 ;-’
66 255 242 289 lacernis
277 253 407 286 indutos
439 256 470 285 et
505 251 679 284 Gallicis
717 250 886 282 calciatos.-
926 248 1117 290 ‘equidem‚'
1153 246 1267 289 inquit,

0 301 2 330 ἶ
69 299 282 336 ‘maluissem
299 307 359 329 vos
372 298 536 338 togatos
558 305 651 334 esse;
673 294 816 336 pigitum
835 295 897 331 est,
922 291 1045 323 cinctos
1063 292 1180 323 saltem
1201 301 1270 322 esse

0 348 9 380 ;'
66 346 101 376 et
120 342 324 385 paenulatos.
380 339 445 372 Sed
466 339 495 371 si
520 338 573 370 hic
599 341 707 370 vester
724 336 914 368 huiusmodi
938 335 1079 367 vestitus
1102 335 1144 366 de
1165 335 1270 365 multo

66 387 134 419 iam
162 395 226 418 usu
251 383 452 427 ignoscibilis
482 385 541 420 est,
573 382 712 413 soleatos
741 384 855 412 tamen
883 390 950 417 voe,
982 378 1094 420 populi
1128 377 1269 409 Romani

0 432 12 463 ,⁴
67 435 240 466 senatores,
265 438 324 470 per
348 426 440 458 urbis
464 425 534 457 vias
557 425 684 466 ingredi
710 433 921 466 nequaquam
940 422 1094 453 decorum
1117 424 1175 459 est,
1203 432 1270 452 non

0 490 9 498 =-
66 473 174 505 hercle
200 471 292 503 vobis
315 471 433 508 minus,
459 479 560 510 quam
585 468 632 499 illi
658 471 731 499 tum
746 468 819 505 fuit,
840 466 893 498 cui
912 466 972 497 hoc
992 465 1040 497 M.
1065 465 1193 496 Tullius
1212 475 1270 506 pro

67 516 158 558 turpi
185 515 318 547 crImine
349 512 551 546 obiectavit!
611 511 682 543 The
711 521 824 553 young
852 510 933 551 fops,
964 509 1042 540 thus
1071 508 1212 539 Romane
1241 512 1270 539 ec

67 569 165 592 severe
188 557 344 596 oebuked,
373 556 474 588 asked
500 555 576 597 why
600 555 643 586 he
665 555 769 586 called
784 554 877 585 them
896 552 1013 590 soleati,
1031 551 1176 583 whereas
1190 551 1270 592 they

13 606 15 611 ⁴
68 614 155 636 wore
182 601 332 640 Gallicae,
359 603 419 632 not
443 599 552 631 soleae.
601 598 658 630 He
688 598 819 639 replied,
847 595 988 638 profecto
1011 595 1083 627 scite
1108 599 1199 636 atque
1221 594 1268 626 in-

18 658 19 661 *
66 650 230 687 ‹am-rupte.-
250 643 374 677 ‘omnia
393 643 482 675 enim
500 643 603 674 ferme
622 642 658 673 id
681 652 797 683 genus,
821 640 939 682 quibus
964 639 1152 681 plantarum
1166 638 1270 669 calces

11 702 13 705 ’
68 693 201 722 tantum
222 688 355 721 infimae
371 689 538 729 teguntur,
563 689 673 717 cetera
693 695 792 726 prope
806 684 896 715 nuda
910 686 944 714 et
958 682 1117 714 teretibus
1132 681 1268 713 habenis

69 733 180 765 vincta
202 734 287 770 sunt,
309 731 413 763 soleas
432 730 595 774 dixerunt,
619 740 687 760 non
710 738 891 769 numquam
916 737 996 758 voce
1021 725 1147 757 Graeca
1170 725 1268 766 crepi-

2 782 15 807 Jf
69 777 171 809 dulas.
217 775 401 807 Gallicas
430 777 543 806 autem
572 773 710 804 verbum
734 782 804 803 esse
828 771 942 812 opinor
964 780 1095 807 novum,
1124 779 1191 800 non
1214 768 1268 799 diu

68 823 146 852 ante
183 822 328 852 aetatem
356 817 407 850 M.
441 816 604 849 Ciceronis
638 815 790 856 usurpari
821 817 980 855 coeptum,
1018 813 1131 854 itaque
1164 812 1206 844 ab
1232 822 1269 843 eo

0 851 16 886 ζ’
67 863 139 905 ipso
152 863 297 905 positum
316 864 366 893 est
386 861 422 892 in
447 860 591 892 secunda
613 859 879 890 Antonianarmn
893 867 963 888 cum
979 855 1266 888 Gallicis...0acur-

67 906 139 939 visti
168 906 256 948 (here
283 906 305 937 l.
342 914 381 945 32
412 904 506 945 seq.).
568 903 685 944 Neque
714 902 750 933 in
779 912 819 933 ea
853 900 1090 942 significatione
1118 899 1153 930 id
1182 899 1268 940 apud

12 967 14 971 >
69 959 267 993 quemquam
289 948 390 980 alium
412 947 570 988 scriptum
594 947 666 987 lego
684 945 843 987 graviofis
865 945 1040 975 dumtaxat
1065 942 1270 974 auctoritatis

7 1018 10 1022 -
69 994 259 1036 scriptorem
274 1003 282 1030 ;
307 992 365 1023 sed
379 993 418 1023 ut
433 991 500 1022 dixi
516 990 699 1031 crepidas
715 993 749 1020 et
763 987 1005 1029 crepidulas,
1024 986 1130 1028 prima
1145 986 1270 1027 syllaba

69 1040 226 1078 correpta,
257 1036 292 1067 id
321 1045 425 1076 genus
459 1034 710 1065 calciamentum
745 1032 1000 1073 appellaverunt,
1032 1030 1121 1071 quod
1151 1029 1270 1060 Graeci

18 1111 19 1114 ,
70 1081 224 1122 κρηπῖδας
238 1078 381 1111 vocant)
439 1078 578 1115 lemma,
596 1087 617 1108 a
631 1076 755 1107 mantle
774 1075 923 1106 fastened
940 1075 984 1114 by
995 1084 1015 1105 a
1029 1074 1118 1114 clasp
1135 1072 1267 1112 (fibula),

69 1127 128 1157 not
141 1123 218 1156 held
231 1122 383 1164 together
396 1122 441 1163 by
456 1132 477 1153 a
490 1120 602 1163 girdle.
644 1119 795 1151 Becker’s
810 1118 934 1156 Gallus,
948 1126 998 1149 111.
1019 1126 1088 1157 123.
1127 1115 1263 1156 [Heind.

22 1187 24 1190 >
70 1177 114 1200 on
128 1167 212 1199 Hor.
231 1170 293 1198 sat.
312 1174 348 1198 11.
370 1173 398 1206 7.
420 1172 471 1205 55.
509 1164 590 1196 Juv.
609 1171 660 1195 m.
681 1163 770 1203 148.]

133 1222 171 1263 [l.
198 1227 251 1262 25·
295 1224 331 1252 ut
360 1218 484 1251 viderie.
534 1218 598 1249 We
628 1228 698 1259 say,
734 1219 787 1249 ‘as
815 1216 843 1248 it
872 1226 977 1248 seems
989 1215 1007 1254 ;’
1038 1215 1094 1247 the
1120 1215 1271 1257 personal

15 1280 17 1282 ·
71 1268 191 1298 constr.
218 1264 247 1296 is
272 1263 329 1296 the
351 1266 438 1294 most
464 1272 615 1293 common
638 1262 673 1292 in
690 1260 790 1292 Latin
816 1259 974 1301 (Madvig,
992 1260 1109 1298 §4005
1139 1259 1268 1300 Zumpt.

15 1318 21 1325 ··
71 1309 88 1348 5
112 1308 195 1350 380),
221 1317 305 1340 even
326 1307 362 1338 in
388 1305 626 1347 parenthetical
655 1308 834 1336 sentences.
883 1303 950 1334 Cic.
977 1302 1067 1334 Lael.
1095 1303 1111 1340 ἓ
1135 1312 1176 1344 9;
1207 1301 1269 1339 sed,

70 1356 108 1385 ut
130 1351 211 1384 miha
239 1349 363 1387 videris,
393 1360 458 1381 no‘n
481 1353 557 1380 reete
586 1347 718 1379 iudicas.
774 1347 836 1379 See
865 1346 1007 1389 Seyffert
1031 1345 1132 1382 there,
1158 1356 1190 1386 p.
1218 1355 1268 1386 41.

21 1418 23 1423 ·
71 1402 218 1434 Matthia
234 1401 293 1433 Gr.
311 1401 369 1433 Gr.
388 1402 489 1443 §²97-
532 1401 572 1431 R.
591 1400 623 1431 S.
645 1397 725 1430 adds
742 1393 854 1426 Elmsl.
872 1392 913 1422 ad
931 1391 1011 1421 Eur.
1030 1390 1153 1420 Herae.
1171 1388 1263 1428 681.]

134 1451 206 1492 [Ne.
237 1451 254 1489 ἒ
269 1459 298 1491 3.
330 1450 351 1481 l.
378 1456 415 1489 17
428 1460 461 1480 n.
507 1448 622 1485 There,
656 1457 692 1479 as
722 1447 809 1484 here,
841 1445 907 1477 and
937 1445 1056 1477 almost
1086 1444 1208 1486 always
1237 1444 1272 1476 in

22 1523 26 1530 .
75 1495 151 1534 Cic„
179 1495 207 1527 it
235 1494 264 1526 is
291 1493 443 1525 followed
472 1492 517 1534 by
540 1502 560 1523 a
589 1491 738 1532 persons-l
767 1500 804 1521 or
827 1488 1082 1520 demonstrative
1112 1499 1270 1529 pronoun.

74 1538 135 1571 See
150 1538 255 1570 Hand
269 1537 364 1569 Ture.
382 1545 428 1567 tv.
447 1536 518 1576 25.]

137 1593 172 1634 [l.
190 1593 241 1624 28.
286 1601 370 1631 may.
388 1600 432 1631 eq.
450 1590 466 1628 ἓ
481 1588 533 1621 62.
578 1588 678 1620 Mark
693 1588 750 1619 the
772 1590 865 1619 tense
882 1586 992 1628 fuisse.
1040 1586 1120 1617 Ant
1150 1585 1214 1616 had
1239 1588 1274 1617 at

26 1655 29 1683 ᾗ
74 1636 140 1669 this
154 1636 234 1668 time
250 1634 293 1677 (B.
307 1642 336 1666 ο.
354 1634 408 1673 45)
424 1633 539 1664 eeased
554 1635 590 1663 to
604 1632 680 1663 hold
696 1632 753 1663 the
769 1631 869 1662 office.

139 1691 174 1732 [l.
193 1700 244 1733 29·
290 1699 381 1730 prom.
399 1698 452 1719 an.
481 1696 513 1718 B.
528 1695 556 1719 ο.
578 1687 650 1726 44.]

139 1746 175 1787 [l.
192 1755 234 1788 29
249 1754 317 1785 seq.
347 1747 632 1784 peteres—moyam
665 1743 768 1772 ‘were
792 1751 812 1770 a
838 1738 1091 1770 candidate-01·
1120 1737 1229 1768 rather
1255 1749 1275 1769 a

77 1788 264 1832 supphant?
307 1787 378 1818 The
407 1786 516 1828 object
545 1785 579 1816 of
601 1788 701 1824 petere
723 1785 752 1815 is
776 1783 831 1814 the
855 1782 950 1823 thing
979 1781 1107 1822 sought,
1140 1781 1214 1812 that
1242 1782 1276 1811 οἱ

76 1843 188 1874 roywre
212 1832 269 1864 the
292 1841 409 1872 person
433 1830 518 1860 from
544 1828 651 1859 whom
674 1828 701 1858 it
723 1827 751 1858 is
778 1826 908 1867 sought.
954 1825 1063 1856 Petere
1082 1824 1109 1855 is
1130 1828 1164 1855 to
1180 1824 1274 1855 claim

79 1887 100 1908 a
126 1876 226 1918 right,
257 1884 371 1914 roqare
395 1876 431 1904 to
454 1875 584 1903 entreat
608 1872 661 1902 for
684 1882 705 1902 a
730 1870 856 1901 favour.
903 1868 946 1900 So
976 1868 1011 1899 in
1039 1867 1096 1898 the
1126 1869 1271 1908 proverb,

26 1919 38 1934 ¹·
80 1919 176 1950 Vei-r,
192 1926 238 1950 Π.
256 1920 272 1957 ξ
292 1927 346 1949 12:
372 1916 464 1948 Malo
476 1925 572 1947 emere
586 1925 682 1956 quam
693 1924 843 1954 rogare,
869 1911 996 1943 ‘rather
1011 1912 1078 1952 buy
1093 1911 1173 1942 than
1190 1911 1275 1952 ὗες)

0 1967 3 1972 “
24 1958 29 1987 ἶ
81 1973 111 2004 p.
135 1952 247 1994 Plane.
265 1962 281 2000 ἓ
297 1968 358 2000 25:
384 1958 558 2000 Rogatio
581 1958 653 1999 ipsa
673 1966 792 1997 semper
805 1960 849 1987 est
871 1954 1108 1995 qratiosissima,
1125 1964 1211 2004 ‘quae
1232 1958 1276 1986 est

80 2004 173 2046 officio
185 2003 418 2036 necessitudinis
432 2002 597 2034 coniuncta
611 2000 755 2032 maaeime.
803 1999 908 2039 Neque
928 1997 1010 2030 enim
1030 2008 1083 2037 eqo
1103 2008 1146 2028 sle
1166 2008 1273 2038 roga·

29 2048 33 2049 ⁷
82 2049 180 2088 bam,
198 2052 234 2079 ut
259 2051 399 2090 petere
424 2045 557 2084 viderer,
575 2045 650 2086 quia
667 2042 849 2084 familiaris
870 2046 914 2073 est
928 2051 1013 2072 meus
1030 2044 1091 2072 etc.
1131 2041 1172 2072 ad
1196 2041 1272 2072 fam.

82 2099 119 2123 11.
137 2090 168 2124 6.
185 2092 202 2130 ἓ
220 2101 255 2123 1:
279 2100 376 2131 yrmve
400 2093 442 2120 est
466 2088 548 2120 enim
568 2087 690 2119 homini
711 2085 865 2127 prudenti
883 2088 1021 2126 petere
1043 2083 1169 2124 aliquid
1187 2094 1274 2124 mags-

82 2138 160 2166 ma‘m
188 2133 228 2166 ab
256 2143 301 2172 eo,
333 2132 372 2164 de
400 2142 460 2173 quo
482 2141 513 2163 se
539 2131 609 2163 bene
634 2130 781 2162 meritum
802 2133 904 2169 putet,
933 2138 971 2159 ne
993 2127 1030 2158 id
1054 2127 1138 2168 quod
1164 2131 1276 2168 petat

18 2187 27 2199 '-
82 2177 200 2218 aiqere
221 2176 324 2218 maqis
337 2186 433 2218 qaam
455 2185 596 2215 rogare
620 2178 648 2205 et
673 2173 707 2203 in
731 2171 877 2203 mercedis
899 2170 1006 2211 potius
1026 2181 1122 2211 quam
1145 2170 1277 2209 beneficii

22 2219 26 2222 ’
85 2221 148 2253 loeo
175 2229 341 2252 munerare
367 2217 522 2249 m‘deatur.
572 2217 622 2248 On
652 2217 708 2247 the
738 2216 834 2246 mode
862 2214 896 2245 of
925 2214 1102 2245 Antonius'
1128 2214 1274 2251 election,

85 2263 126 2295 cf.
141 2264 158 2302 ἓ
176 2273 224 2295 ιο.
242 2264 265 2295 l.
283 2270 334 2302 25,
351 2263 367 2300 ἓ
383 2262 450 2303 79.]
