1396 2436
106 79 154 119 18
407 79 460 117 M.
496 80 693 118 TULLII
721 79 1015 119 CICERONIS

373 146 559 183 pamm..
975 126 1177 220 {fiamque
1206 116 1392 177 datvm..

100 181 291 220 heredem.
328 182 541 230 Immultas
556 185 757 232 praeterea
774 182 957 232 pecunias
1014 182 1299 222 ienissimorum

99 246 302 285 hominum
330 246 371 284 vi
405 246 537 285 eiectis
569 246 672 284 veris
708 246 924 295 heredibus,
961 250 1160 297 tamquam
1188 247 1299 286 heres

0 308 209 360 Messet,
224 311 378 358 invasit.
427 312 674 362 Quamquam
685 311 758 350 hoc
779 312 948 350 maxime
967 313 1182 359 adm—iratus
1199 326 1296 364 sum,
1316 318 1394 370 Ὗ

100 377 337 416 mentionem
355 380 396 415 te
414 376 678 415 hereditatum
696 390 835 415 ausum
853 390 935 416 esse
951 377 1088 426 facere,
1109 390 1198 416 cum
1216 378 1299 430 ipse

100 441 354 480 hereditatem
374 441 498 492 patris
526 454 606 479 non
628 441 783 480 adisses.
1308 461 1326 490 6

180 506 327 546 XVII.
377 507 437 545 42.
474 507 588 546 Haec
600 510 647 546 ut
664 507 873 559 colligereS‚
892 508 1009 546 homo
1022 508 1294 554 amentissime.

0 570 67 624 fig(
75 606 86 646 7
99 577 160 611 tot
184 573 266 611 dies
288 573 330 611 in
355 573 484 611 aliena
496 550 599 611 ιῗτῖῇε.
617 572 866 617 declamasti?
893 586 1131 625 quamquam
1149 577 1195 612 tu
1214 575 1298 626 qui-

99 637 198 685 dem,
217 642 264 676 ut
287 634 350 677 tui
369 638 661 677 familiarissimi
679 639 874 687 dictitant,
886 639 970 678 vini
985 640 1206 688 exhalandi,
1220 653 1297 680 non

0 700 56 758 [ζ’
85 702 246 760 ,ingenii
269 702 433 750 acuendi
451 716 566 741 causa
584 702 783 759 declamas.
842 703 903 741 At
925 716 1015 742 vero
1044 704 1206 749 adhibes
1223 705 1297 745 ioci

31 742 75 791 r
98 781 214 807 causa
230 770 472 821 magistrum,
493 755 678 821 suffragio
702 774 773 808 tuo
792 773 833 808 et
851 774 1109 821 conpotorum
1135 774 1298 809 tuorum
1310 751 1396 841 gfff·

0 817 304 884 'vfgdgsmrhetoren
328 834 393 873 cui
419 834 641 873 concessisti
665 838 713 873 ut
739 834 783 872 in
810 837 851 873 te
878 847 979 885 quae
999 835 1119 874 vellet
1137 835 1294 885 diceret,

0 871 48 959 ζ’»,
98 900 242 952 Qm
264 900 424 938 omnino
441 899 650 948 hominem,
678 898 745 937 sed
770 899 935 950 materia
954 899 1079 938 facilis
1106 904 1165 939 est
1191 901 1231 939 in
1256 905 1296 940 te

97 968 138 1003 et
167 965 211 1003 in
238 969 327 1004 tuos
359 967 465 1005 dicta
501 966 639 1004 dicere.
696 964 802 1003 Vide
838 969 973 1004 autem
1005 966 1102 1018 quid
1138 967 1296 1006 intersit

0 1023 200 1075 winter
226 1034 268 1070 te
294 1035 336 1070 et
364 1045 483 1070 avum
516 1035 641 1069 tuum.
715 1030 792 1068 Ille
819 1030 963 1068 sensim
993 1031 1157 1080 dicebat,
1191 1032 1295 1084 quod

97 1110 233 1136 causae
258 1097 479 1148 prodesset:
521 1100 569 1135 tu
612 1096 757 1147 offis-im
794 1095 890 1133 dicis
931 1096 1067 1143 aliena⁸
1125 1098 1186 1136 43.
1234 1098 1339 1140 Ata

97 1166 245 1214 quanta
271 1175 418 1215 Qes
445 1161 596 1200 rhetori
623 1162 715 1200 data
741 1161 824 1200 est!
863 1162 1026 1210 Audite,
1057 1162 1201 1210 audite,
1230 1164 1295 1213 pa-

97 1231 176 1266 tres
193 1228 414 1279 conscripti,
437 1232 478 1266 et
497 1228 715 1278 cognoscite
733 1228 791 1266 rei
808 1229 984 1280 publicae
999 1228 1171 1266 vulnera.
1205 1227 1296 1267 Duo

95 1293 205 1331 milia
241 1294 422 1345 iugerum
463 1295 591 1345 campi
630 1288 840 1347 Leontini]
857 1294 944 1333 Sex.
977 1294 1112 1332 Clodio
1147 1293 1294 1332 rhetori

0 1355 69 1416 J:
95 1358 307 1413 annasti
349 1363 390 1398 et
426 1359 588 1410 quidem
627 1359 831 1407 immunia,
869 1363 916 1398 ut
955 1358 1090 1410 populi
1125 1357 1295 1396 Romani

0 1434 58 1490 μή
95 1427 207 1462 tanta
235 1424 411 1462 mercede
430 1424 528 1473 nihil
557 1437 691 1475 sapere
710 1424 885 1463 disceres.
944 1423 1055 1462 Num
1074 1423 1192 1461 etiam
1211 1423 1338 1469 hoc,2o

94 1487 210 1526 homo
248 1488 512 1535 audacissime,
548 1502 596 1526 ex
637 1488 812 1527 Caesaris
849 1487 1158 1537 coQiis?
1219 1486 1296 1526 Sed

95 1554 221 1592 dicam
241 1554 317 1592 alio
336 1554 419 1592 loco
447 1558 488 1592 et
517 1554 565 1592 de
585 1554 781 1592 Leontino
807 1566 902 1604 agro
930 1557 970 1592 et
1001 1553 1050 1591 de
1083 1552 1292 1603 Campano,

94 1631 191 1669 quos
217 1618 292 1656 iste
318 1631 430 1668 agros
459 1621 613 1668 ereptos
651 1618 708 1655 rei
738 1618 916 1668 publicae
946 1617 1183 1667 turpissimis
1210 1630 1294 1668 928-

0 1676 68 1721 νΧιᾸ
94 1682 303 1720 sessoribus
320 1681 386 1734 inq
394 1681 557 1735 ginavit.
611 1681 698 1719 Iam
717 1682 834 1729 enim,
854 1682 1040 1732 quoniam
1067 1682 1295 1721 criminibus
1335 1716 1336 1719 ,

0 1757 42 1802 ω
94 1748 177 1786 eius
204 1747 298 1785 satis
321 1746 517 1796 respondi,
549 1746 598 1784 de
628 1746 710 1797 ipso
739 1746 987 1796 emendatore
1011 1750 1052 1784 et
1080 1751 1336 1786 correctore&

95 1815 228 1850 nostro
246 1811 436 1862 quaedam
456 1810 618 1849 dicenda
635 1813 738 1848 sunt.
795 1810 836 1848 N
839 1824 880 1848 ec
899 1811 1003 1848 enim
1022 1812 1154 1849 omnia
1172 1813 1294 1851 effun-

93 1876 195 1924 dam,
225 1880 281 1923 ut,
310 1875 343 1913 si
376 1875 531 1926 saepius
555 1875 835 1913 decertandum
860 1875 922 1922 sit,
954 1879 1000 1913 ut
1029 1876 1115 1923 erit,
1143 1889 1294 1928 semper

97 1955 218 1980 novus
236 1943 401 1989 veniam,
423 1954 542 1992 quam
560 1941 787 1979 facultatem
809 1941 907 1978 mihi
936 1941 1152 1980 multitudo
1178 1942 1294 1982 istius

0 2016 35 2046 τὸ
92 2008 279 2047 vitiorum
297 2010 624 2057 peccatorumque
642 2006 819 2059 laggiJur.
1071 2054 1076 2058 .

0 2069 157 2083 „„„..-.-
171 2072 348 2112 XVHI.
403 2072 468 2110 44.
524 2071 650 2109 Visne
675 2071 799 2122 igitur
823 2075 865 2110 te
890 2071 1148 2123 inspiciamus
1172 2087 1197 2112 a
1222 2086 1336 2125 pu-no

95 2139 199 2188 ero‘l·
239 2126 304 2176 Sic
352 2137 511 2187 opinor;
557 2149 579 2172 a
615 2136 810 2186 principio
847 2137 1057 2175 ordiamur.
1115 2138 1292 2177 Tenesne

92 2204 277 2243 memoria
294 2206 585 2256 praetentatum
613 2207 652 2240 te
680 2202 900 2255 decesisse?
957 2202 1099 2252 Patris,
1125 2204 1288 2256 inquies,
